1773 2750
511 140 785 179 HEAVTON
815 141 1238 180 TIMORVMENOS
1462 144 1530 180 IV.
1551 143 1596 179 iv

121 260 185 296 735
209 264 345 289 uerum
366 249 498 300 §.liquo
519 257 636 299 pacto
656 248 777 287 uerba
797 262 861 287 me
882 249 942 287 his
962 250 1140 288 dattiram
1157 263 1241 288 esse
1258 258 1295 288 et
1312 254 1527 289 uentnram.

209 316 240 353 S
252 316 290 353 Y.
321 313 416 365 perii
438 313 578 352 he'rcle.
639 312 816 360 Bacchis,
840 313 966 360 maine,
991 327 1132 352 mane:
1162 327 1241 363 quo
1272 314 1391 352 mittis
1418 314 1528 353 istam

423 377 570 427 quae'so
586 378 602 415 ?

208 442 300 480 iube
340 442 506 480 mcineat.
563 442 654 480 BA.
687 440 709 479 i.
770 442 852 479 SY.
884 441 979 491 quin
1012 441 1069 480 e'st
1103 449 1279 492 paratum
1314 442 1528 492 argentum.
1556 458 1588 487 15

421 507 513 544 BA.
545 505 640 556 quin
661 519 733 556 ego
755 506 907 545 maineo.

209 573 242 610 S
253 573 291 610 Y.
322 572 431 621 atqui
460 571 536 609 iam
566 570 732 609 dabitur.
790 572 883 609 BA.
916 574 957 609 xit
989 571 1108 610 lubet.
1168 585 1262 609 num
1295 585 1367 621 ego
1398 573 1531 610 insto?

424 637 456 674 S
466 636 505 674 Y.
536 643 575 674 at
595 635 678 674 scin
698 635 794 686 quid
815 637 931 675 sddes
948 638 965 674 ?

209 703 300 740 BA.
332 700 460 751 quid?
516 702 549 739 S
559 701 598 738 Y.
630 700 950 740 trainseundunsst
970 703 1077 740 minc
1093 701 1163 740 tibi
1184 702 1261 740 huc
1276 703 1326 741 ad
1346 701 1530 741 Me'nede-

426 779 532 803 mum
554 773 591 803 et
612 773 677 803 tua
698 766 844 816 p6mpa

121 842 189 877 740
209 845 256 870 eo
270 831 559 870 traducendast.
619 832 710 869 BA.
743 831 860 881 quein]
878 845 959 870 rem
972 831 1064 882 agis,
1080 833 1207 871 scelus
1223 834 1239 871 ?
1290 834 1322 871 S
1333 834 1371 870 Y.
1403 832 1502 883 e'gon
1518 834 1533 870 ?

422 903 625 946 argentum
647 897 752 934 mido

208 962 316 1011 quod
352 960 421 999 tibi
455 962 558 999 dem.
630 962 722 998 BA.
754 960 912 1011 dignam
948 961 1010 1000 me'
1045 970 1158 1012 putas
1191 976 1309 1013 quam
1345 962 1498 1001 inhidas
1517 965 1532 1001 ?

423 1026 503 1069 SY.
538 1039 618 1064 non
639 1032 697 1063 est
718 1025 874 1064 te'mere.

208 1092 299 1129 BA.
331 1090 502 1130 etizimne
524 1098 654 1128 tecum
679 1089 743 1128 hic
769 1090 829 1128 re's
856 1090 1018 1129 mihist?
1075 1093 1156 1130 SY.
1189 1091 1363 1130 minume
1384 1107 1390 1130 :
1421 1100 1529 1132 tuom
1553 1111 1592 1132 ιο

422 1155 493 1194 tibi
513 1155 647 1194 reddo.

206 1221 298 1258 BA.
331 1220 449 1259 ezitur.
510 1221 590 1259 CL.
623 1233 784 1270 sequere
815 1221 1039 1258 hae—SV.
1072 1222 1179 1267 hetis,
1209 1222 1372 1260 Dromo.
1430 1224 1527 1260 DR.

422 1284 508 1334 quis
530 1284 592 1338 me'
615 1285 729 1323 uolt?
786 1285 867 1322 SY.
899 1286 1027 1334 Syrus.
1085 1287 1182 1323 DR.
1215 1285 1310 1335 quid
1331 1285 1388 1324 est
1408 1286 1491 1325 rei?

208 1351 239 1387 S
251 1351 287 1387 Y.
320 1350 479 1387 ancillas
500 1349 629 1388 omnis
652 1348 861 1387 Baicchidis
882 1349 1042 1387 tradtice
1063 1350 1140 1387 huc
1160 1350 1210 1388 ad
1231 1363 1302 1388 uos
1322 1351 1496 1400 prepere.

119 1422 184 1458 745
206 1415 303 1452 DR.
335 1427 453 1463 quam
470 1414 522 1452 ob
539 1413 650 1452 rem?
704 1415 735 1452 S
746 1415 785 1452 Y.
817 1426 866 1451 ne
877 1426 1042 1463 quaeras
1059 1428 1066 1452 ι
1096 1413 1267 1452 ecferant
1280 1427 1380 1464 quae
1397 1415 1529 1454 secum

420 1480 498 1517 huc
518 1477 741 1517 attulerunt.

206 1543 375 1593 sperzibit
396 1551 596 1594 sumptum
619 1543 692 1582 sibi
714 1556 833 1582 senex
855 1543 1027 1582 leua'tum
1051 1557 1135 1582 esse
1158 1545 1305 1583 harunc
1326 1545 1433 1583 zibitu
1451 1560 1457 1583 z

205 1621 255 1646 ne
282 1608 346 1647 ille
369 1609 475 1648 hand
500 1608 583 1655 scit,
606 1609 681 1647 hoc
711 1609 871 1658 pauhim
901 1608 996 1646 lucri
1023 1616 1215 1659 quantum
1243 1609 1279 1648 ἐϊ
1304 1609 1437 1648 damni
1465 1611 1529 1649 ad·
1551 1622 1587 1653 25

419 1674 557 1724 p6rtet.

205 1746 246 1777 tu
266 1737 417 1778 nescies
438 1740 546 1789 quod
567 1740 651 1787 scis,
673 1741 834 1787 Dromo,
855 1739 886 1778 si
908 1739 1045 1789 saipies.
1105 1742 1201 1778 DR.
1235 1747 1386 1779 mutum
1408 1741 1526 1779 dices.

687 1929 922 1976 ACTVS
975 1928 1046 1976 IV

580 2044 852 2083 CHREMES
977 2046 1151 2082 SYRvs
1545 2060 1575 2085 v

206 2143 296 2180 CH.
330 2142 391 2180 Ita
411 2139 473 2179 me
494 2140 534 2180 di
555 2141 744 2180 amabunt
765 2143 807 2179 tit
828 2154 934 2179 nunc
956 2136 1187 2180 Menedemi
1207 2141 1333 2181 uicem

116 2214 184 2252 750
204 2205 359 2244 miseret
380 2219 454 2252 me,
477 2213 629 2243 tantum
651 2205 859 2244 deuenisse
880 2206 930 2244 ad
951 2208 1041 2243 etim
1063 2205 1166 2244 mali.

246 2317 308 2347 739
330 2307 489 2338 th'alzko
505 2320 511 2339 :
536 2309 600 2339 huc
619 2319 706 2339 nunc
724 2308 782 2338 tibi
799 2308 904 2339 D'G:
928 2308 992 2338 huc
1009 2319 1074 2338 om.
1095 2311 1158 2338 ccll.
1297 2318 1358 2348 743
1383 2309 1525 2341 Clt'nmm

202 2350 382 2389 loquentem
414 2352 605 2392 interposuit
629 2350 791 2382 Dziatzko
946 2352 1008 2389 746
1031 2351 1156 2382 harunc
1182 2351 1265 2382 AC:
1305 2353 1421 2384 harum
1450 2354 1526 2384 Α’·’Σ

204 2394 265 2432 748
291 2394 424 2425 nescies
440 2394 600 2426 Dzz'atzko
615 2405 622 2425 ε
647 2395 758 2426 nescis
776 2395 864 2434 quod
882 2394 914 2424 A
932 2405 939 2425 :
964 2395 1073 2425 nescis
1091 2395 1123 2425 id
1141 2395 1232 2433 quod
1250 2398 1274 2426 Σ

1400 2450 1438 2479 0*
