1773 2750
165 107 231 144 Li
638 106 678 142 P.
710 106 962 142 TERENTI
994 106 1125 142 AFRI

725 274 960 321 ACTVS
1014 275 1032 320 Ι

180 377 193 414 i
610 387 884 423 PfllLoTls
1006 387 1148 424 SYRA

212 484 306 521 ΡΗ
340 485 414 522 Per
433 484 498 533 pol
520 496 638 533 quam
660 496 808 533 paucos
830 482 997 533 reperias
1018 483 1288 523 meretricibus

212 546 338 586 fidelis
359 548 516 586 euenire
536 547 744 595 amatores,
764 550 868 597 Syra.

212 613 275 650 uel
297 611 361 650 hic
382 612 612 663 Pamphilus
633 612 784 652 iurzibat
805 612 988 663 quotiens
1010 613 1212 661 Baicchidi,
1560 609 1607 644 60

211 691 331 727 quam
352 677 499 726 saincte,
520 685 563 716 ut
583 677 712 728 quiuis
733 678 846 718 fzicile
867 687 999 729 posset
1021 679 1189 727 credere,

174 755 191 786 5
211 755 429 793 numquam
450 744 516 781 illa
534 743 627 782 uiua
648 743 857 782 ducturum
879 744 1040 783 uxore'm
1062 746 1226 783 domum
1247 747 1253 782 Ξ

210 821 285 855 em,
308 807 428 846 duxit.
488 809 520 848 S
531 809 570 847 Y.
603 822 694 858 ergo
715 809 920 859 propterea
941 817 978 849 te
999 810 1138 849 se'dulo

209 880 247 911 et
268 874 413 912 moneo
433 881 472 912 et
492 875 626 913 hortor
646 875 695 913 ne
717 881 754 912 te
776 874 1038 925 quoiusquam
1060 877 1250 923 misereat,
1270 909 1273 912 .

209 937 304 988 quin
326 938 470 989 spolies
492 939 648 978 mutiles
669 939 826 986 laceres,
851 953 1050 990 quemque
1071 941 1186 979 neicta
1206 940 1268 979 sis.
1559 945 1601 989 65

207 1004 301 1041 ΡΗ
334 1004 441 1042 utine
462 1003 649 1042 eximium
671 1003 870 1043 neminem
893 1006 1091 1044 habeam?
1148 1007 1230 1045 SY.
1262 1004 1460 1044 neminem
1480 1020 1485 1042 :

151 1082 188 1104 ιο
208 1081 299 1106 nam
321 1068 440 1107 ne'mo
462 1070 615 1108 illorum
639 1070 858 1120 quisquam,
883 1070 992 1117 scito,
1015 1072 1065 1109 ad
1087 1070 1124 1109 te
1145 1070 1253 1110 uenit

207 1133 303 1183 quin
325 1135 377 1172 ita
397 1142 506 1185 paret
527 1148 622 1181 sese,
647 1135 717 1173 alhs
739 1142 777 1174 te
799 1143 839 1174 ut
861 1135 1061 1175 blanditiis
1083 1136 1161 1175 suis

206 1212 325 1248 quam
347 1200 526 1238 minumo
546 1199 671 1250 pretio
694 1201 803 1238 suzim
827 1202 1071 1250 uoluptatem
1093 1203 1256 1251 expleat.

206 1263 356 1303 hiscine
377 1272 418 1303 tu
439 1265 583 1304 amabo
604 1264 684 1304 non
706 1273 842 1304 contra
862 1265 1127 1306 insidie'lbere?
1559 1278 1603 1312 70

205 1330 299 1367 ΡΗ
332 1330 464 1368 tamen
485 1332 551 1380 pol
573 1331 740 1369 eandem
764 1330 984 1370 iniuriumst
1005 1345 1089 1371 esse
1110 1331 1307 1371 omnibus.

148 1405 183 1437 15
206 1395 288 1433 SY.
321 1394 504 1434 iniurium
525 1403 657 1435 autem
678 1404 736 1434 est
759 1396 892 1435 ulcisci
913 1397 1189 1436 aduorsz'trios?

204 1468 272 1498 aut
292 1461 371 1510 quei
391 1460 455 1500 uia
475 1469 513 1500 te
534 1462 694 1512 cziptent
715 1463 854 1500 eadem
878 1462 983 1512 ipsos
1005 1463 1091 1513 capi
1109 1465 1125 1501 ?

204 1526 305 1563 eheu
327 1539 391 1564 me
412 1526 604 1574 miseram,
629 1527 727 1576 quor
748 1540 828 1565 non
849 1535 916 1565 aut
937 1527 1057 1566 istaec
1078 1527 1174 1566 mihi

203 1590 310 1629 aetzis
331 1598 370 1629 et
389 1592 551 1630 formast
571 1595 637 1630 aut
658 1591 729 1630 tihi
750 1592 848 1631 haec
870 1592 1064 1632 sententia
1081 1596 1086 1631 ἲ
1558 1597 1599 1634 75

154 1719 183 1754 ii
412 1726 688 1763 PARMENO
802 1727 1078 1765 PH1L0T15
1188 1727 1330 1765 SYRA

202 1823 292 1861 ΡΑ.
323 1822 451 1861 Sene‘x
471 1822 503 1861 si
524 1831 684 1873 quaeret
706 1825 779 1872 me,
803 1826 925 1864 modo
946 1824 1021 1864 isse
1042 1824 1163 1864 dicito

202 1888 253 1926 ad
274 1887 430 1938 portum
451 1889 725 1938 percontatum
749 1892 967 1929 aduentum
989 1890 1196 1941 Pamphili.

201 1953 322 1991 audin
344 1953 440 2003 quid
461 1953 602 2002 dicam,
627 1956 780 1994 Seirte?
810 1955 841 1994 si
863 1955 1023 2006 quaeret
1043 1969 1116 2003 me,
1141 1955 1196 1994 uti

201 2024 286 2055 tum
307 2018 415 2056 dicas
430 2033 440 2066 ,-
469 2018 500 2057 si
521 2033 603 2058 non
624 2020 795 2070 quaeret,
820 2023 949 2059 nullus
972 2020 1123 2068 dixeris,

165 2096 181 2128 5
201 2082 294 2121 alias
316 2090 358 2121 ut
379 2083 434 2122 uti
455 2084 604 2135 possim
626 2099 744 2124 causa
765 2087 838 2125 hac
860 2087 1019 2137 integra.
1553 2087 1600 2122 80

201 2149 271 2187 sed
291 2150 438 2188 uideon
459 2163 532 2200 ego
555 2150 804 2190 Philotium?
833 2153 939 2191 unde
962 2144 1060 2191 haee
1079 2151 1273 2191 eiduenit?

202 2213 377 2262 Philotis,
401 2216 510 2254 salue
531 2217 710 2254 multum.
770 2218 864 2254 ΡΗ
897 2230 921 2255 o
942 2218 1059 2263 salue,
1084 2217 1291 2256 Peirmeno.

243 2318 285 2356 64
309 2317 457 2358 Bentlcy:
479 2319 643 2350 misci-eas
657 2319 710 2350 A:
733 2319 896 2351 misereas
914 2325 946 2351 te
961 2320 1024 2351 A2:
1051 2321 1212 2352 misereat
1224 2322 1300 2353 BC:
1322 2327 1354 2353 te
1373 2322 1531 2354 misereat

201 2359 313 2392 DEF:
341 2363 496 2393 misereat
516 2368 548 2394 te
562 2363 595 2392 P
723 2365 763 2402 65
789 2375 954 2403 quemque
972 2365 1107 2395 ΑΓΒ-’τ
1133 2376 1335 2405 quemquam
1355 2370 1418 2397 (cll.
