1773 2750
144 129 210 166 IV.

175 707 212 728 10

168 1490 209 1511 20

143 1863 203 1900 vii

235 128 279 165 vi
653 129 693 166 P.
726 128 979 166 TERENTI
1012 128 1144 166 AFRI

234 253 352 290 quam
374 241 454 280 nc'm
474 239 680 287 laboridsa,
701 241 753 278 ad
774 239 1001 289 languorem
1022 239 1144 279 dedit.

234 318 307 344 nec
327 307 539 355 quicquam
561 304 683 354 magis
704 317 810 342 nunc
831 303 966 342 me‘tuo
986 317 1105 354 quam
1126 317 1176 343 ne
1197 303 1330 342 denuo

234 369 350 409 miser
369 370 501 420 aliquo
522 370 703 408 extrudar
722 370 825 415 hine,
849 382 900 407 ne
920 369 1107 407 accedam
1128 369 1179 406 ad
1201 367 1453 406 Bacchidem.
1557 413 1560 415 ,

233 442 275 472 ut
295 434 333 473 te
352 434 515 484 quidem
537 447 675 472 omnes
696 434 736 472 di
756 434 854 471 deae
875 435 1115 482 quantumst,
1139 433 1242 481 Syre,
1578 426 1645 460 810

232 513 323 538 cum
344 499 443 537 ist6c
463 499 626 537 inuento
647 500 818 548 cumque
839 498 998 548 incepto
1018 497 1201 547 perduint
1218 499 1224 534 l

232 564 348 602 huius
370 563 478 602 modi
500 576 560 602 res
581 562 735 613 semper
756 562 1066 609 comminiscere,

231 628 300 667 ubi
320 642 383 667 me
404 628 679 666 e‘xcarnufices.
737 628 770 666 S
781 629 820 666 Y.
853 627 934 666 ibin
955 627 1047 665 hinc
1068 639 1148 676 quo
1168 627 1309 676 dignus
1330 628 1400 664 es?

232 707 349 744 quam
371 693 496 743 pae'ne
517 701 584 732 tua
604 707 667 732 me
687 692 858 743 perdidit
879 692 1110 742 proteruitas
1130 695 1136 730 Ξ

234 759 313 798 CL.
346 760 489 798 uellem
510 758 640 797 he'rcle
660 759 818 805 factum,
834 757 888 796 ita
903 757 1084 796 meritu's.
1143 758 1175 795 S
1187 758 1225 795 Υ.
1257 755 1450 795 meritus?
1478 756 1558 806 qu6
1578 758 1642 802 815

447 825 568 863 modo
583 826 600 862 ?

231 903 280 928 ne
302 902 365 927 me
386 890 485 927 istuc
506 902 552 927 ex
573 896 610 927 te
632 889 737 938 prius
757 887 914 926 audisse
934 889 1099 938 gaudeo,

230 967 349 1004 quam
369 953 573 1004 argentum
595 953 759 991 haberes
780 952 889 1002 qudd
909 953 1070 991 daturus
1091 952 1167 990 idm
1189 951 1255 990 fui.

232 1019 313 1057 CL.
345 1018 441 1068 quid
462 1018 576 1068 igitur
596 1017 666 1056 tibi
688 1016 746 1056 uis
767 1018 927 1056 dicam?
955 1016 1070 1055 adisti
1091 1016 1187 1055 mihi
1208 1030 1363 1054 manum
1378 1032 1394 1059 ‚-

192 1097 208 1127 5
230 1084 396 1122 amicam
418 1082 581 1122 adduxti
602 1082 720 1132 quam
742 1095 822 1121 non
843 1082 1030 1120 licitumst
1051 1082 1219 1132 tangere.

231 1149 313 1185 SY.
346 1148 422 1186 iam
443 1148 524 1186 ndn
546 1161 632 1186 sum
655 1147 782 1185 iratus.
843 1146 912 1185 sed
934 1146 1016 1187 scin
1038 1146 1105 1184 ubi
1127 1159 1232 1184 nunc
1253 1148 1300 1184 sit
1321 1146 1391 1185 tibi
1578 1140 1646 1174 820

230 1219 296 1249 tua
319 1212 517 1250 Bacchis?
577 1213 658 1251 CL.
690 1212 796 1262 apud
818 1224 901 1250 nos.
961 1212 1043 1249 SY.
1076 1212 1165 1249 nc'm.
1228 1212 1309 1249 CL.
1341 1210 1409 1249 ubi
1436 1213 1558 1261 ergo?

446 1278 478 1316 S
489 1279 527 1316 Y.
560 1278 665 1327 apud
688 1276 870 1317 Cliniam.

230 1344 310 1382 CL.
334 1344 439 1394 perii.
473 1344 505 1382 S
516 1344 555 1381 Y.
572 1344 679 1382 bono
692 1342 826 1381 animo
842 1356 902 1382 es:
932 1342 1009 1381 iam
1023 1343 1226 1393 argentum
1240 1343 1291 1380 ad
1305 1354 1391 1380 eam
1406 1341 1556 1380 de'feres

228 1409 337 1458 quod
358 1410 394 1447 ei
415 1407 634 1459 pollicitu’s.
696 1408 777 1446 CL.
810 1407 939 1457 garris.
999 1408 1134 1446 unde?
1190 1408 1272 1445 SY.
1303 1420 1326 1445 a
1346 1407 1414 1445 tud
1436 1414 1554 1457 patre.

231 1475 314 1513 CL.
346 1475 448 1512 ludis
469 1475 631 1512 fortasse
654 1487 715 1512 me
732 1475 748 1511 ?
805 1474 837 1511 S
848 1474 886 1510 Y.
920 1474 1003 1522 ipsa
1023 1486 1062 1511 re
1083 1472 1318 1522 experibere.

230 1540 311 1578 CL.
343 1553 392 1578 ne
413 1553 486 1589 ego
507 1540 629 1578 hdmo
651 1552 736 1577 sum
758 1538 978 1577 fortunatus
996 1554 1002 1576 :
1033 1539 1176 1577 deamo
1196 1536 1244 1584 te,
1269 1538 1372 1586 Syre.
1577 1534 1641 1577 325

226 1606 308 1643 SV.
341 1605 410 1643 sed
431 1604 540 1654 pater
562 1603 766 1654 egreditur.
828 1603 925 1642 caue
947 1602 1158 1653 quicquam
1179 1602 1393 1642 admiratus
1414 1602 1476 1648 sis,

224 1683 301 1720 qua
322 1672 438 1708 causa
459 1669 499 1708 id
521 1671 586 1708 fiat
601 1684 611 1717 3
643 1669 916 1708 obsecundato
939 1669 977 1706 i'n
999 1669 1086 1706 loco
1106 1683 1114 1715 ;

223 1736 331 1785 quod
353 1734 559 1785 imperabit
582 1734 700 1773 facito
721 1749 730 1781 3
761 1734 931 1784 loquitor
952 1735 1129 1784 paucula.

412 1852 685 1890 CHREMES
799 1851 1086 1889 CLITIPHO
1197 1850 1372 1887 SYRvs

223 1939 314 1977 CH.
347 1937 425 1977 Vbi
447 1938 623 1989 Clitipho
647 1938 710 1976 hic
733 1940 820 1977 est?
877 1939 958 1975 SV.
993 1941 1001 1956 ‘
1017 1936 1154 1975 eccum
1175 1938 1259 1974 me'
1281 1935 1410 1985 inque.
1472 1936 1552 1974 CL.

440 2016 578 2042 eccum
601 2005 665 2042 hic
685 2003 768 2042 tibi.

224 2070 314 2108 CH.
349 2068 445 2119 quid
467 2069 520 2108 rei
544 2068 644 2108 e'sset
666 2068 762 2107 dixti
783 2067 907 2106 huic?
963 2069 1045 2106 SY.
1077 2066 1154 2106 dixi
1176 2067 1361 2117 pleraque
1382 2066 1526 2105 dmnia.
1575 2064 1644 2108 830

267 2175 331 2204 810
356 2173 387 2203 di
407 2173 492 2203 deae
513 2172 632 2212 Guyet:
660 2172 692 2202 di
711 2172 863 2210 deaeque
880 2170 970 2203 codd.
1102 2171 1161 2201 811
1188 2180 1262 2201 cum
1289 2170 1373 2201 istoc
1397 2170 1430 2200 A
1450 2182 1456 2201 z
1480 2181 1553 2200 cum

223 2222 280 2248 tuo
295 2218 379 2247 istoc
406 2220 430 2248 Σ
574 2217 637 2245 812
662 2216 706 2245 sic
731 2214 820 2245 CFP
841 2218 870 2245 cl
894 2214 965 2245 Lex
987 2212 1080 2249 Mai:
1116 2223 1252 2253 semper
1278 2213 1358 2244 mihi
1386 2224 1439 2244 res
1465 2212 1554 2244 DG:

223 2260 303 2291 mihi
322 2270 376 2290 res
393 2270 530 2299 semper
547 2262 610 2290 cett.
748 2260 811 2297 813
835 2258 902 2288 ibin
920 2258 1070 2297 Bentley:
1096 2257 1124 2287 is
1141 2257 1173 2287 A
1195 2269 1201 2288 z
1226 2257 1258 2287 in
1277 2257 1330 2287 uel
1345 2257 1366 2287 ii
1385 2257 1436 2287 uel
1452 2257 1460 2287 i
1480 2262 1512 2287 tu
1531 2260 1555 2288 Σ

223 2305 287 2335 818
312 2303 463 2343 Bentley:
487 2303 585 2333 abisti
603 2301 691 2333 codd.
827 2302 892 2341 819
915 2301 1110 2332 Fleckeisen:
1142 2301 1270 2331 licitum
1296 2301 1339 2331 sit
1365 2300 1397 2330 A
1417 2312 1423 2331 :
1456 2301 1555 2331 liceat

224 2359 301 2378 cum
319 2350 343 2378 Σ
359 2346 490 2386 Bentley
658 2346 723 2377 826
746 2349 774 2375 et
795 2346 859 2384 827
883 2345 1013 2375 inuersa
1037 2344 1147 2375 ordine
1168 2343 1250 2374 dant
1272 2343 1361 2375 codd.
1380 2355 1386 2373 :
1420 2344 1555 2374 nstituit

225 2391 375 2422 Muretus
389 2402 395 2421 :
420 2391 486 2421 sies
503 2390 601 2420 etiam
612 2394 675 2430 pro
690 2390 737 2420 sis
753 2388 843 2420 codd.
978 2389 1044 2427 830
1067 2387 1175 2419 dixtin
1194 2386 1281 2419 codd.
