1773 2750
134 105 179 140 V.
203 103 249 138 ix
614 104 654 140 P.
687 103 940 140 TERENTI
973 104 1104 140 AFRl

203 210 387 249 omnibus
407 210 569 260 gratiam
591 211 720 249 habeo
741 218 778 249 et
799 225 974 250 seorsum
995 211 1065 249 tibi
1086 219 1295 262 praeterea,
1321 211 1481 251 Demea.

145 292 181 323 15
201 276 299 313 DE.
330 276 494 325 gaudeo.
554 277 638 314 ΑΕ
667 283 704 314 et
725 290 808 326 ego.
869 278 901 315 S
911 277 949 314 Y.
982 276 1110 315 credo.
1182 276 1331 315 utinam
1352 278 1428 316 hoc
1448 291 1529 328 per-

415 340 577 391 petuom
599 341 664 379 fiat
684 341 882 391 gaudium,

201 405 408 455 Phrygiam
426 412 468 444 ut
484 407 644 444 uxorem
660 419 788 444 meam
803 419 881 444 una
895 407 1050 445 me'cum
1064 406 1221 445 uideam
1235 407 1397 446 liberam
1415 410 1421 445 l

200 470 298 508 DE.
321 471 525 520 optumam
541 470 727 521 equidem
744 470 958 510 mulierem.
1009 473 1042 510 S
1053 473 1091 509 Y.
1114 471 1299 522 equidem
1314 473 1380 512 tuo
1395 472 1530 523 nepoti

416 535 531 574 huius
553 535 634 574 filio

202 599 320 639 hodie
342 600 465 650 prima
486 600 700 639 mammam
722 601 831 640 dedit
848 602 956 640 haec.
1015 603 1114 640 DE.
1139 602 1268 641 hercle
1289 616 1383 642 uero
1403 603 1514 650 seriO,
1549 614 1615 651 975

202 664 396 714 siquidem
427 665 551 716 prima
577 665 697 715 dedit,
720 667 827 706 haud
856 666 1060 706 dubiumst
1081 669 1176 718 quin
1207 668 1332 707 emitti
1360 669 1530 719 aequom

416 730 497 770 siet.

145 806 181 827 20
200 795 286 833 Ml.
320 795 372 834 ob
392 809 478 834 eam
500 797 611 834 rem?
677 797 775 834 DE.
809 797 861 835 ob
882 810 979 836 eam.
1039 798 1239 848 postremo
1262 812 1285 837 a
1308 812 1371 838 me
1399 799 1532 849 argen-

415 867 498 898 tum
519 860 692 910 quantist
713 860 868 900 sumito.

201 925 234 963 S
243 925 282 962 Y.
323 925 364 963 di
385 924 465 972 tibi,
491 926 652 972 Demea,
676 925 814 965 omnes
835 939 989 977 semper
1010 926 1143 966 omnia
1163 935 1297 977 optata
1317 929 1502 968 offerant!

199 990 286 1029 Ml.
317 991 420 1040 Syre,
443 989 665 1040 processisti
686 990 804 1030 hodie
825 993 997 1042 pulchre.
1056 994 1154 1031 DE.
1187 992 1381 1043 siquidem
1402 1007 1530 1044 porro,

416 1055 549 1102 Micio,

199 1124 240 1159 tii
257 1128 366 1160 tuom
383 1121 556 1160 officium
572 1121 699 1168 facies,
715 1129 833 1172 atque
850 1122 940 1161 huic
961 1122 1109 1173 aliquid
1126 1125 1286 1173 paulum
1303 1125 1394 1174 prae
1412 1139 1529 1164 manu
1548 1126 1615 1170 980

198 1185 367 1234 dederis,
388 1187 495 1225 unde
516 1186 669 1226 utatur:
700 1188 838 1226 reddet
854 1186 924 1226 tibi
941 1186 1029 1226 cito.
1091 1189 1176 1226 Ml.
1201 1188 1300 1228 istoc
1316 1189 1440 1229 uilius.

140 1261 178 1292 25
197 1253 290 1290 AE.
323 1251 420 1302 frugi
450 1252 618 1290 homost.
679 1253 711 1291 S
722 1253 760 1290 Y.
792 1253 955 1291 reddam
985 1252 1125 1299 hercle,
1158 1254 1210 1292 da
1239 1255 1370 1293 modo.
1434 1257 1526 1294 AE.

412 1316 492 1367 alge,
517 1319 648 1367 pater!
705 1318 791 1355 Ml.
824 1324 913 1367 post
933 1317 1148 1356 consulam.

197 1381 295 1419 DE.
331 1380 456 1420 faciet.
513 1382 545 1420 S
557 1382 594 1419 Y.
631 1394 654 1419 o
675 1381 733 1419 uir
753 1382 938 1432 optume!
995 1383 1088 1421 ΑΕ.
1120 1396 1144 1421 o
1165 1383 1274 1434 pater
1294 1383 1347 1422 mi
1367 1384 1529 1424 festiui's-

412 1459 524 1484 sume
541 1449 603 1484 l—

196 1512 282 1549 Ml.
314 1512 410 1562 quid
430 1511 560 1550 istuc?
597 1524 698 1562 quae
719 1525 777 1550 res
799 1512 877 1550 tam
899 1520 1058 1563 repente
1080 1514 1207 1552 mores
1224 1515 1390 1553 mutauit
1410 1516 1528 1553 tuos?

197 1577 306 1627 quod
325 1578 579 1628 prolubium?
613 1580 714 1629 quae
731 1579 850 1619 istaec
867 1579 1032 1619 subitast
1050 1580 1232 1632 largitas?
1271 1582 1370 1620 DE.
1396 1581 1525 1621 dicam
1545 1581 1610 1626 985

411 1643 481 1681 tibi
499 1659 505 1681 :

198 1710 239 1745 tit
259 1706 299 1746 id
320 1708 579 1757 ostenderem,
597 1710 705 1759 quod
720 1717 757 1748 te
773 1709 835 1748 isti
852 1710 1006 1749 facilem
1022 1719 1060 1750 et
1077 1711 1260 1751 festiuom
1274 1720 1423 1763 putant,

139 1786 178 1816 30
197 1772 237 1810 id
257 1785 337 1811 non
359 1772 439 1812 fieri
461 1787 507 1812 ex
527 1773 619 1813 uera
639 1774 720 1813 uita
740 1774 870 1825 ne'que
894 1777 996 1815 adeo
1018 1790 1064 1815 ex
1086 1790 1214 1828 aequo
1237 1777 1274 1816 et
1298 1778 1415 1824 bono,

196 1835 266 1875 sed
286 1851 332 1875 ex
351 1838 609 1887 adsentando,
633 1840 877 1891 indulgendo
900 1839 973 1894 [et]
997 1841 1209 1892 largiendo,
1234 1842 1368 1882 Micio.

194 1903 300 1940 minc
313 1903 413 1941 adeo
427 1903 456 1941 si
475 1904 526 1942 ob
543 1904 629 1943 eam
646 1919 727 1943 rem
742 1905 855 1944 uobis
878 1906 965 1945 me‘a
982 1906 1062 1945 uita
1076 1907 1212 1954 inuisa,
1228 1907 1436 1954 *aeschine
1453 1915 1520 1955 est,

194 1967 285 2016 quia
305 1980 385 2006 non
406 1967 506 2007 iusta
526 1968 669 2008 iniusta
689 1984 845 2021 prorsus
867 1971 1001 2010 omnia
1021 1972 1185 2011 omnino
1206 1972 1414 2023 obsequor,
1543 1991 1611 2026 990

194 2031 312 2070 missa
331 2032 432 2071 facio
449 2047 455 2071 :
486 2034 695 2081 ecfundite,
715 2036 844 2083 emite,
868 2036 983 2075 facite
1004 2037 1113 2087 quod
1134 2037 1247 2075 uobis
1268 2037 1388 2076 lubet.

136 2109 174 2141 35
194 2095 263 2135 sed
284 2096 314 2135 si
335 2097 374 2136 id
396 2098 512 2137 uoltis
533 2099 674 2149 potius,
693 2114 793 2150 quae
814 2114 884 2140 uos
906 2102 1063 2152 propter
1081 2101 1390 2141 adulescentiam

195 2162 323 2200 minus
344 2162 495 2211 uidetis,
519 2163 641 2214 magis
661 2163 824 2215 inpense
844 2166 996 2217 cupitis,
1019 2167 1219 2205 consulitis
1239 2180 1390 2217 parum,

237 2276 298 2305 974
324 2267 477 2305 equidem
502 2267 636 2307 scripsi:
671 2268 804 2307 quidem
828 2268 917 2299 codd.
1047 2269 1110 2308 985
1135 2269 1325 2309 proluvium
1357 2269 1521 2301 BC2DG:

194 2309 250 2339 sed
260 2314 353 2348 pocta
375 2310 515 2341 Caecilii
541 2311 648 2341 locum
669 2311 704 2341 in
726 2322 790 2351 quo
814 2313 969 2352 reperitur
990 2313 1179 2352 prolubium
1195 2313 1345 2344 habuisse
1359 2314 1391 2343 in
1408 2314 1523 2344 animo

195 2351 326 2382 m'dclnr
475 2352 539 2393 988
564 2358 597 2384 et
613 2354 807 2385 secluserunt
821 2353 977 2396 Ladewg
992 2359 1020 2386 ct
1035 2355 1176 2396 stladwjg
