1773 2750
106 93 151 130 V.

175 92 220 129 vi
594 91 632 128 P.
666 90 917 127 TERENTI
950 89 1082 127 AFRI

120 215 157 237 10
182 203 273 242 GE.
306 202 458 252 uzipula.
518 201 613 240 AN
647 200 687 239 id
716 200 901 250 equidem
937 200 1006 238 tibi
1041 200 1117 238 iam
1146 200 1211 239 fiet
1241 200 1315 238 nisi
1345 200 1499 247 resistis,
1520 205 1588 249 850

121 1322 162 1345 20

391 266 565 305 uerbero.

181 332 271 371 GE.
305 330 593 369 ssimiliariorem
615 338 770 380 oportet
791 330 876 369 esse
895 331 1025 370 hunc:
1056 330 1256 368 minitatur
1277 331 1435 367 malum.

175 395 245 434 se'd
280 396 364 434 isne
397 402 455 434 est
489 408 608 445 quem
643 408 789 445 quaero
827 395 876 433 an
915 397 1028 434 non?
1071 395 1205 445 ipsust.
1265 395 1502 443 congredere

389 463 577 499 actutum.
637 461 734 498 AN
766 459 862 510 quid
883 462 973 498 est?

179 526 270 566 GE.
303 539 327 564 ο
361 524 550 572 omnium,
583 526 813 575 quantumst
851 523 918 574 qui
952 524 1101 571 uiuont‚
1135 524 1257 562 homo
1295 522 1501 561 hominum

391 591 650 629 ornatissume
670 593 677 629 ἒ

176 656 267 694 nam
289 655 373 694 sine
393 655 661 694 controuorsia
682 656 733 693 ab
754 654 814 693 dis
835 655 941 693 solus
962 653 1132 703 diligere,
1156 643 1344 703 Antipho.

176 721 270 759 AN
314 722 366 759 ita
395 720 539 768 uelim3
579 721 649 758 sed
679 720 745 769 qui
780 719 879 757 istuc
913 719 1070 757 credam
1104 718 1155 756 ita
1187 718 1271 756 esse
1301 717 1396 755 mihi
1426 717 1504 756 dici
1523 722 1588 767 855

393 784 523 823 uelim.

181 850 272 889 GE.
315 848 439 887 satine
477 855 535 888 est
574 848 605 886 si
644 855 682 887 te
721 847 942 886 delibutum
990 847 1135 897 gaudio
1173 848 1333 885 reddo?
1406 849 1502 885 AN.

394 913 535 952 enicas.

177 980 271 1017 PH.
303 979 398 1029 quin
428 986 470 1017 tu
499 978 591 1017 hinc
621 977 923 1029 pollicitationes
953 978 1062 1016 aufer
1089 984 1126 1016 et
1150 978 1259 1027 quod
1289 976 1362 1015 fers
1392 978 1502 1015 cedo.

397 1045 488 1083 GE.
521 1045 584 1091 oh,

178 1110 219 1147 tii
241 1120 401 1158 quoque
420 1109 571 1155 aderas,
586 1108 803 1147 Phormio?
860 1109 953 1146 PH.
978 1107 1148 1146 aderam.
1209 1106 1278 1146 sed
1291 1114 1332 1146 tu
1349 1109 1506 1146 cessas?

399 1174 491 1213 GE.
522 1173 668 1223 accipe,
691 1186 754 1211 em
774 1188 780 1211 :

180 1241 221 1276 iit
242 1239 364 1277 modo
383 1240 588 1287 argentum
609 1237 679 1276 tibi
700 1236 884 1276 dedimus
906 1237 1011 1286 :ipud
1034 1238 1171 1284 forum,
1196 1237 1301 1276 recta
1320 1238 1484 1276 domum

180 1307 315 1343 sumus
335 1303 499 1354 profecti
514 1318 524 1350 ,-
554 1302 700 1341 interea
721 1302 838 1341 mittit
861 1302 946 1340 erus
969 1315 1032 1340 me
1052 1303 1103 1340 ad
1124 1302 1284 1341 uxorem
1306 1309 1422 1341 tuam.
1527 1305 1596 1340 860

180 1370 275 1407 AN
307 1381 427 1418 quam
456 1368 509 1407 ob
539 1369 652 1406 rem?
726 1368 816 1407 GE.
850 1367 991 1406 omitto
1021 1367 1201 1417 proloqui
1217 1382 1226 1415 3
1256 1381 1347 1406 nam
1377 1370 1431 1406 nil
1457 1371 1509 1408 ad

395 1434 498 1471 hanc
519 1439 648 1479 remst‚
671 1422 859 1482 Antipho.

181 1498 249 1537 tibi
269 1498 308 1536 in
329 1511 571 1548 gynaeceum
592 1499 646 1536 ire
666 1497 830 1548 occipio,
855 1501 951 1548 puer
972 1500 1022 1538 ad
1045 1513 1108 1538 me
1128 1501 1298 1538 adcurrit
1320 1500 1443 1547 Mida,

181 1564 285 1614 pone
305 1563 461 1614 prendit
481 1562 613 1613 pallio,
634 1564 832 1613 resupinat
850 1579 856 1602 :
888 1564 1064 1614 respicio,
1088 1578 1182 1615 rogo

182 1642 300 1679 quam
322 1629 373 1667 ob
395 1641 477 1667 rem
506 1627 670 1667 retineat
697 1641 786 1667 me:
817 1628 870 1667 ait
895 1642 980 1668 esse
1008 1630 1173 1669 uetitum
1201 1630 1303 1670 intro
1329 1631 1379 1669 ad
1405 1644 1511 1669 eram

397 1693 595 1732 accedere.

148 1772 162 1803 ,-
187 1759 415 1809 ‘Sophrona
459 1759 537 1796 huc
576 1757 730 1797 fratrem
772 1761 918 1799 modo'
960 1760 1086 1811 inquit
1129 1761 1255 1800 ‘senis
1298 1761 1512 1801 introduxit
1531 1762 1596 1807 865

400 1824 634 1863 Chremem'

184 1892 354 1939 eumque
375 1902 481 1927 nunc
502 1902 586 1928 esse
608 1890 711 1929 intus
734 1903 822 1929 cum
852 1890 936 1929 illis.
997 1892 1074 1930 hoc
1101 1892 1167 1931 ubi
1196 1905 1268 1942 ego
1294 1891 1438 1938 audiui,
1461 1892 1512 1930 aid

400 1956 501 1993 fores

186 2021 377 2071 suspenso
397 2022 519 2070 gradu
540 2022 695 2071 placide
718 2023 771 2062 ire
793 2022 951 2073 perrexi,
977 2023 1139 2072 accessi,
1158 2023 1272 2069 astiti,

230 2125 294 2163 850
317 2124 439 2164 uapula
464 2124 511 2163 A,
536 2135 639 2164 qnam
672 2125 863 2156 locutionem
890 2125 1097 2166 adgnoscunt
1127 2126 1241 2156 Festus
1270 2129 1299 2157 et
1325 2125 1431 2156 Varro
1461 2127 1519 2166 qui

192 2168 376 2199 Terentium
404 2169 437 2198 in
463 2168 662 2199 Phormione
687 2168 820 2200 laudat:
863 2169 1038 2209 uapulabis
1060 2169 1257 2200 A2CDEP:
1297 2169 1463 2208 uapulabo
1484 2169 1516 2199 Β

187 2212 342 2251 equidem
362 2216 425 2252 pro
446 2213 581 2252 quidem
605 2212 736 2253 scn'psst
765 2212 855 2252 quod
871 2212 918 2243 ad
935 2217 1077 2244 metrum
1094 2213 1215 2253 attinet,
1235 2213 1272 2251 cs.
1289 2223 1338 2243 vv.
1359 2214 1434 2252 859,
1451 2214 1513 2252 877

188 2256 245 2285 uln'
258 2258 457 2295 anapaestus
467 2255 631 2295 dactylum
643 2257 790 2296 sequitur
843 2256 969 2288 restitis
979 2256 1013 2287 A
1105 2257 1168 2294 863
1186 2256 1323 2295 prendit
1334 2255 1494 2286 Dzz'atzko
1509 2268 1515 2286 :

188 2299 416 2338 apprehendit
440 2300 493 2330 uel
515 2300 733 2339 reprehendit
755 2299 844 2331 codd.
1024 2300 1088 2338 865
1112 2299 1308 2330 Fleckeisen:
1337 2299 1516 2339 Sophrona

190 2343 288 2372 modo
306 2342 442 2373 fratrem
459 2343 524 2374 huc
542 2342 629 2375 codd.
