<?xml version="1.0" encoding="UTF-8"?>
<!DOCTYPE html PUBLIC "-//W3C//DTD XHTML 1.0 Transitional//EN"
    "http://www.w3.org/TR/xhtml1/DTD/xhtml1-transitional.dtd">
<html xmlns="http://www.w3.org/1999/xhtml" xml:lang="en" lang="en">
 <head>
  <title>
</title>
<meta http-equiv="Content-Type" content="text/html;charset=utf-8" />
  <meta name='ocr-system' content='tesseract 3.04.00' />
  <meta name='ocr-capabilities' content='ocr_page ocr_carea ocr_par ocr_line ocrx_word'/>
</head>
<body>
  <div class='ocr_page' id='page_1' title='image "./comoediaerecogno00tereuoft_0171.png"; bbox 0 0 1773 2750; ppageno 0'>
   <div class='ocr_carea' id='block_1_1' title="bbox 676 404 1055 455">
    <p class='ocr_par' dir='ltr' id='par_1_1' title="bbox 676 404 1055 455">
     <span class='ocr_line' id='line_1_1' title="bbox 676 404 1055 455; baseline 0 -2"><span class='ocrx_word' id='word_1_1' title='bbox 676 404 1055 455; x_wconf 86' lang='lat' dir='ltr'>PROLOGVS</span> 
     </span>
    </p>
   </div>
   <div class='ocr_carea' id='block_1_2' title="bbox 139 550 1358 2220">
    <p class='ocr_par' dir='ltr' id='par_1_2' title="bbox 163 550 1307 862">
     <span class='ocr_line' id='line_1_2' title="bbox 202 550 1126 603; baseline -0.008 -8"><span class='ocrx_word' id='word_1_2' title='bbox 202 551 426 599; x_wconf 68' lang='lat' dir='ltr'>PoervAM</span> <span class='ocrx_word' id='word_1_3' title='bbox 446 553 564 603; x_wconf 72' lang='lat' dir='ltr'>poeta</span> <span class='ocrx_word' id='word_1_4' title='bbox 583 550 696 591; x_wconf 90' lang='lat' dir='ltr'>uetus</span> <span class='ocrx_word' id='word_1_5' title='bbox 716 553 874 601; x_wconf 73' lang='lat' dir='ltr'>poetam</span> <span class='ocrx_word' id='word_1_6' title='bbox 894 550 976 589; x_wconf 78' lang='lat' dir='ltr'>non</span> <span class='ocrx_word' id='word_1_7' title='bbox 996 556 1126 599; x_wconf 81' lang='lat' dir='ltr'>potest</span> 
     </span>
     <span class='ocr_line' id='line_1_3' title="bbox 201 612 1307 662; baseline -0.005 -4"><span class='ocrx_word' id='word_1_8' title='bbox 201 619 393 659; x_wconf 73' lang='lat' dir='ltr'>retrahere</span> <span class='ocrx_word' id='word_1_9' title='bbox 412 630 436 655; x_wconf 86' lang='lat' dir='ltr'>a</span> <span class='ocrx_word' id='word_1_10' title='bbox 455 615 586 655; x_wconf 85' lang='lat' dir='ltr'>studio</span> <span class='ocrx_word' id='word_1_11' title='bbox 606 623 644 657; x_wconf 89' lang='lat' dir='ltr'>et</span> <span class='ocrx_word' id='word_1_12' title='bbox 663 615 865 657; x_wconf 72' lang='lat' dir='ltr'>transdere</span> <span class='ocrx_word' id='word_1_13' title='bbox 885 614 1088 653; x_wconf 90' lang='lat' dir='ltr'>hominem</span> <span class='ocrx_word' id='word_1_14' title='bbox 1109 613 1149 653; x_wconf 92' lang='lat' dir='ltr'>in</span> <span class='ocrx_word' id='word_1_15' title='bbox 1170 612 1307 662; x_wconf 76' lang='lat' dir='ltr'>otium,</span> 
     </span>
     <span class='ocr_line' id='line_1_4' title="bbox 202 679 1021 730; baseline -0.007 -8"><span class='ocrx_word' id='word_1_16' title='bbox 202 681 420 722; x_wconf 87' lang='lat' dir='ltr'>maledictis</span> <span class='ocrx_word' id='word_1_17' title='bbox 440 680 634 721; x_wconf 85' lang='lat' dir='ltr'>deterrere</span> <span class='ocrx_word' id='word_1_18' title='bbox 653 694 703 720; x_wconf 90' lang='lat' dir='ltr'>ne</span> <span class='ocrx_word' id='word_1_19' title='bbox 724 679 867 721; x_wconf 62' lang='lat' dir='ltr'>scribet</span> <span class='ocrx_word' id='word_1_20' title='bbox 887 686 996 730; x_wconf 82' lang='lat' dir='ltr'>parat</span> <span class='ocrx_word' id='word_1_21' title='bbox 1007 693 1021 727; x_wconf 85' lang='lat'>.;</span> 
     </span>
     <span class='ocr_line' id='line_1_5' title="bbox 202 743 1123 798; baseline -0.004 -12"><span class='ocrx_word' id='word_1_22' title='bbox 202 747 269 798; x_wconf 90' lang='lat' dir='ltr'>qui</span> <span class='ocrx_word' id='word_1_23' title='bbox 289 747 342 786; x_wconf 87' lang='lat' dir='ltr'>ita</span> <span class='ocrx_word' id='word_1_24' title='bbox 361 745 523 793; x_wconf 81' lang='lat' dir='ltr'>dictitat,</span> <span class='ocrx_word' id='word_1_25' title='bbox 548 758 645 796; x_wconf 88' lang='lat' dir='ltr'>quas</span> <span class='ocrx_word' id='word_1_26' title='bbox 665 745 755 784; x_wconf 75' lang='lat' dir='ltr'>ante</span> <span class='ocrx_word' id='word_1_27' title='bbox 776 744 840 782; x_wconf 88' lang='lat' dir='ltr'>hic</span> <span class='ocrx_word' id='word_1_28' title='bbox 860 743 951 783; x_wconf 88' lang='lat' dir='ltr'>fecit</span> <span class='ocrx_word' id='word_1_29' title='bbox 971 743 1123 782; x_wconf 75' lang='lat' dir='ltr'>fabulas</span> 
     </span>
     <span class='ocr_line' id='line_1_6' title="bbox 163 808 1001 862; baseline -0.005 -11"><span class='ocrx_word' id='word_1_30' title='bbox 163 825 179 862; x_wconf 83' lang='grc'>5</span> <span class='ocrx_word' id='word_1_31' title='bbox 201 811 309 852; x_wconf 86' lang='lat' dir='ltr'>tenui</span> <span class='ocrx_word' id='word_1_32' title='bbox 330 810 415 850; x_wconf 88' lang='lat' dir='ltr'>esse</span> <span class='ocrx_word' id='word_1_33' title='bbox 436 810 613 850; x_wconf 78' lang='lat' dir='ltr'>oratione</span> <span class='ocrx_word' id='word_1_34' title='bbox 632 817 670 849; x_wconf 86' lang='lat' dir='ltr'>et</span> <span class='ocrx_word' id='word_1_35' title='bbox 691 809 879 860; x_wconf 74' lang='lat' dir='ltr'>scriptura</span> <span class='ocrx_word' id='word_1_36' title='bbox 898 808 977 848; x_wconf 92' lang='lat' dir='ltr'>leui</span> <span class='ocrx_word' id='word_1_37' title='bbox 994 824 1001 847; x_wconf 89' lang='lat'>:</span> 
     </span>
    </p>

    <p class='ocr_par' dir='ltr' id='par_1_3' title="bbox 200 873 1245 1122">
     <span class='ocr_line' id='line_1_7' title="bbox 200 873 1245 928; baseline -0.003 -12"><span class='ocrx_word' id='word_1_38' title='bbox 200 877 293 928; x_wconf 86' lang='lat' dir='ltr'>quia</span> <span class='ocrx_word' id='word_1_39' title='bbox 312 879 507 927; x_wconf 71' lang='lat' dir='ltr'>nusquam</span> <span class='ocrx_word' id='word_1_40' title='bbox 528 875 710 915; x_wconf 90' lang='lat' dir='ltr'>insanum</span> <span class='ocrx_word' id='word_1_41' title='bbox 732 874 884 925; x_wconf 78' lang='lat' dir='ltr'>scripsit</span> <span class='ocrx_word' id='word_1_42' title='bbox 904 873 1245 914; x_wconf 88' lang='lat' dir='ltr'>adulescentulum</span> 
     </span>
     <span class='ocr_line' id='line_1_8' title="bbox 201 940 1020 991; baseline -0.004 -10"><span class='ocrx_word' id='word_1_43' title='bbox 201 942 358 982; x_wconf 62' lang='lat' dir='ltr'>ceruem</span> <span class='ocrx_word' id='word_1_44' title='bbox 379 941 514 980; x_wconf 87' lang='lat' dir='ltr'>uidere</span> <span class='ocrx_word' id='word_1_45' title='bbox 534 942 666 991; x_wconf 74' lang='lat' dir='ltr'>fugere</span> <span class='ocrx_word' id='word_1_46' title='bbox 686 948 724 980; x_wconf 88' lang='lat' dir='ltr'>et</span> <span class='ocrx_word' id='word_1_47' title='bbox 744 940 883 979; x_wconf 89' lang='lat' dir='ltr'>sectari</span> <span class='ocrx_word' id='word_1_48' title='bbox 903 953 1020 978; x_wconf 89' lang='lat' dir='ltr'>canes</span> 
     </span>
     <span class='ocr_line' id='line_1_9' title="bbox 201 1003 1058 1057; baseline -0.005 -11"><span class='ocrx_word' id='word_1_49' title='bbox 201 1015 240 1046; x_wconf 86' lang='lat' dir='ltr'>et</span> <span class='ocrx_word' id='word_1_50' title='bbox 260 1007 346 1046; x_wconf 73' lang='lat' dir='ltr'>eam</span> <span class='ocrx_word' id='word_1_51' title='bbox 367 1008 529 1057; x_wconf 88' lang='lat' dir='ltr'>plorare,</span> <span class='ocrx_word' id='word_1_52' title='bbox 553 1006 661 1045; x_wconf 59' lang='lat' dir='ltr'>orere</span> <span class='ocrx_word' id='word_1_53' title='bbox 681 1012 723 1044; x_wconf 92' lang='lat' dir='ltr'>ut</span> <span class='ocrx_word' id='word_1_54' title='bbox 743 1003 952 1044; x_wconf 78' lang='lat' dir='ltr'>subueniat</span> <span class='ocrx_word' id='word_1_55' title='bbox 973 1003 1058 1043; x_wconf 83' lang='lat' dir='ltr'>sibi.</span> 
     </span>
     <span class='ocr_line' id='line_1_10' title="bbox 202 1069 1156 1122; baseline -0.003 -12"><span class='ocrx_word' id='word_1_56' title='bbox 202 1072 311 1122; x_wconf 87' lang='lat' dir='ltr'>quod</span> <span class='ocrx_word' id='word_1_57' title='bbox 331 1070 363 1109; x_wconf 89' lang='lat' dir='ltr'>si</span> <span class='ocrx_word' id='word_1_58' title='bbox 384 1071 634 1120; x_wconf 79' lang='lat' dir='ltr'>intellegeret,</span> <span class='ocrx_word' id='word_1_59' title='bbox 657 1069 778 1120; x_wconf 77' lang='lat' dir='ltr'>quom</span> <span class='ocrx_word' id='word_1_60' title='bbox 800 1069 905 1108; x_wconf 87' lang='lat' dir='ltr'>stetit</span> <span class='ocrx_word' id='word_1_61' title='bbox 925 1069 1019 1107; x_wconf 89' lang='lat' dir='ltr'>olim</span> <span class='ocrx_word' id='word_1_62' title='bbox 1040 1082 1156 1115; x_wconf 89' lang='lat' dir='ltr'>noua,</span> 
     </span>
    </p>

    <p class='ocr_par' dir='ltr' id='par_1_4' title="bbox 142 1133 1288 1444">
     <span class='ocr_line' id='line_1_11' title="bbox 142 1133 1040 1185; baseline -0.003 -11"><span class='ocrx_word' id='word_1_63' title='bbox 142 1148 184 1174; x_wconf 94' lang='lat'>10</span> <span class='ocrx_word' id='word_1_64' title='bbox 201 1135 342 1174; x_wconf 82' lang='lat' dir='ltr'>actoris</span> <span class='ocrx_word' id='word_1_65' title='bbox 362 1148 481 1185; x_wconf 91' lang='lat' dir='ltr'>opera</span> <span class='ocrx_word' id='word_1_66' title='bbox 501 1133 623 1184; x_wconf 60' lang='lat' dir='ltr'>mergis</span> <span class='ocrx_word' id='word_1_67' title='bbox 643 1133 795 1173; x_wconf 83' lang='lat' dir='ltr'>stetisse</span> <span class='ocrx_word' id='word_1_68' title='bbox 819 1133 939 1184; x_wconf 71' lang='lat' dir='ltr'>quarn</span> <span class='ocrx_word' id='word_1_69' title='bbox 959 1146 1040 1181; x_wconf 87' lang='lat' dir='ltr'>sua,</span> 
     </span>
     <span class='ocr_line' id='line_1_12' title="bbox 201 1197 1288 1249; baseline -0.002 -11"><span class='ocrx_word' id='word_1_70' title='bbox 201 1200 331 1239; x_wconf 86' lang='lat' dir='ltr'>minus</span> <span class='ocrx_word' id='word_1_71' title='bbox 352 1201 477 1238; x_wconf 76' lang='lat' dir='ltr'>multo</span> <span class='ocrx_word' id='word_1_72' title='bbox 497 1200 682 1238; x_wconf 82' lang='lat' dir='ltr'>audacter</span> <span class='ocrx_word' id='word_1_73' title='bbox 701 1198 820 1249; x_wconf 71' lang='lat' dir='ltr'>quam</span> <span class='ocrx_word' id='word_1_74' title='bbox 840 1211 946 1237; x_wconf 89' lang='lat' dir='ltr'>nunc</span> <span class='ocrx_word' id='word_1_75' title='bbox 966 1198 1086 1237; x_wconf 87' lang='lat' dir='ltr'>laedit</span> <span class='ocrx_word' id='word_1_76' title='bbox 1106 1197 1288 1237; x_wconf 88' lang='lat' dir='ltr'>laederet.</span> 
     </span>
     <span class='ocr_line' id='line_1_13' title="bbox 201 1262 1206 1316; baseline -0.001 -12"><span class='ocrx_word' id='word_1_77' title='bbox 201 1279 306 1304; x_wconf 88' lang='lat' dir='ltr'>nunc</span> <span class='ocrx_word' id='word_1_78' title='bbox 327 1267 358 1304; x_wconf 89' lang='lat' dir='ltr'>si</span> <span class='ocrx_word' id='word_1_79' title='bbox 378 1265 466 1316; x_wconf 85' lang='lat' dir='ltr'>quis</span> <span class='ocrx_word' id='word_1_80' title='bbox 487 1272 545 1304; x_wconf 87' lang='lat' dir='ltr'>est</span> <span class='ocrx_word' id='word_1_81' title='bbox 565 1264 632 1315; x_wconf 88' lang='lat' dir='ltr'>qui</span> <span class='ocrx_word' id='word_1_82' title='bbox 652 1265 728 1303; x_wconf 87' lang='lat' dir='ltr'>hoc</span> <span class='ocrx_word' id='word_1_83' title='bbox 749 1265 854 1303; x_wconf 88' lang='lat' dir='ltr'>dicat</span> <span class='ocrx_word' id='word_1_84' title='bbox 874 1270 940 1302; x_wconf 86' lang='lat' dir='ltr'>aut</span> <span class='ocrx_word' id='word_1_85' title='bbox 961 1262 1016 1302; x_wconf 89' lang='lat' dir='ltr'>sic</span> <span class='ocrx_word' id='word_1_86' title='bbox 1037 1262 1206 1314; x_wconf 80' lang='lat' dir='ltr'>cogitet:</span> 
     </span>
     <span class='ocr_line' id='line_1_14' title="bbox 204 1327 1005 1381; baseline -0.005 -12"><span class='ocrx_word' id='word_1_87' title='bbox 204 1333 213 1350; x_wconf 86' lang='lat'>‘</span> <span class='ocrx_word' id='word_1_88' title='bbox 229 1337 341 1369; x_wconf 92' lang='lat' dir='ltr'>uetus</span> <span class='ocrx_word' id='word_1_89' title='bbox 363 1331 395 1368; x_wconf 90' lang='lat' dir='ltr'>si</span> <span class='ocrx_word' id='word_1_90' title='bbox 414 1331 532 1381; x_wconf 84' lang='lat' dir='ltr'>po&#39;eta</span> <span class='ocrx_word' id='word_1_91' title='bbox 551 1329 632 1368; x_wconf 77' lang='lat' dir='ltr'>nen</span> <span class='ocrx_word' id='word_1_92' title='bbox 652 1327 871 1367; x_wconf 78' lang='lat' dir='ltr'>lacessisset</span> <span class='ocrx_word' id='word_1_93' title='bbox 890 1327 1005 1379; x_wconf 87' lang='lat' dir='ltr'>prior,</span> 
     </span>
     <span class='ocr_line' id='line_1_15' title="bbox 202 1391 1074 1444; baseline -0.003 -11"><span class='ocrx_word' id='word_1_94' title='bbox 202 1396 354 1433; x_wconf 88' lang='lat' dir='ltr'>nullum</span> <span class='ocrx_word' id='word_1_95' title='bbox 374 1393 550 1433; x_wconf 91' lang='lat' dir='ltr'>inuenire</span> <span class='ocrx_word' id='word_1_96' title='bbox 570 1393 775 1444; x_wconf 77' lang='lat' dir='ltr'>prologum</span> <span class='ocrx_word' id='word_1_97' title='bbox 796 1391 928 1443; x_wconf 89' lang='lat' dir='ltr'>posset</span> <span class='ocrx_word' id='word_1_98' title='bbox 947 1405 1074 1431; x_wconf 89' lang='lat' dir='ltr'>nouos</span> 
     </span>
    </p>

    <p class='ocr_par' dir='ltr' id='par_1_5' title="bbox 142 1456 1310 1769">
     <span class='ocr_line' id='line_1_16' title="bbox 142 1456 1194 1510; baseline -0.003 -11"><span class='ocrx_word' id='word_1_99' title='bbox 142 1473 181 1510; x_wconf 82' lang='lat'>15</span> <span class='ocrx_word' id='word_1_100' title='bbox 203 1473 321 1510; x_wconf 89' lang='lat' dir='ltr'>quem</span> <span class='ocrx_word' id='word_1_101' title='bbox 341 1458 499 1506; x_wconf 86' lang='lat' dir='ltr'>diceret,</span> <span class='ocrx_word' id='word_1_102' title='bbox 521 1457 596 1496; x_wconf 90' lang='lat' dir='ltr'>nisi</span> <span class='ocrx_word' id='word_1_103' title='bbox 616 1457 778 1496; x_wconf 88' lang='lat' dir='ltr'>haberet</span> <span class='ocrx_word' id='word_1_104' title='bbox 797 1456 860 1495; x_wconf 88' lang='lat' dir='ltr'>cui</span> <span class='ocrx_word' id='word_1_105' title='bbox 881 1457 982 1495; x_wconf 86' lang='lat' dir='ltr'>male</span> <span class='ocrx_word' id='word_1_106' title='bbox 1002 1456 1170 1496; x_wconf 87' lang='lat' dir='ltr'>diceret’</span> <span class='ocrx_word' id='word_1_107' title='bbox 1187 1471 1194 1496; x_wconf 93' lang='lat'>:</span> 
     </span>
     <span class='ocr_line' id='line_1_17' title="bbox 202 1520 1276 1573; baseline -0.002 -11"><span class='ocrx_word' id='word_1_108' title='bbox 202 1523 234 1562; x_wconf 90' lang='lat' dir='ltr'>is</span> <span class='ocrx_word' id='word_1_109' title='bbox 254 1523 328 1562; x_wconf 88' lang='lat' dir='ltr'>sibi</span> <span class='ocrx_word' id='word_1_110' title='bbox 348 1536 581 1573; x_wconf 89' lang='lat' dir='ltr'>responsum</span> <span class='ocrx_word' id='word_1_111' title='bbox 601 1524 678 1561; x_wconf 92' lang='lat' dir='ltr'>hoc</span> <span class='ocrx_word' id='word_1_112' title='bbox 699 1521 852 1568; x_wconf 73' lang='lat' dir='ltr'>habeat,</span> <span class='ocrx_word' id='word_1_113' title='bbox 875 1521 915 1560; x_wconf 89' lang='lat' dir='ltr'>in</span> <span class='ocrx_word' id='word_1_114' title='bbox 936 1520 1070 1561; x_wconf 91' lang='lat' dir='ltr'>medio</span> <span class='ocrx_word' id='word_1_115' title='bbox 1091 1521 1276 1561; x_wconf 76' lang='lat' dir='ltr'>emnibus</span> 
     </span>
     <span class='ocr_line' id='line_1_18' title="bbox 202 1586 1310 1639; baseline 0 -13"><span class='ocrx_word' id='word_1_116' title='bbox 202 1590 374 1639; x_wconf 85' lang='lat' dir='ltr'>palmam</span> <span class='ocrx_word' id='word_1_117' title='bbox 395 1587 479 1627; x_wconf 92' lang='lat' dir='ltr'>esse</span> <span class='ocrx_word' id='word_1_118' title='bbox 500 1587 667 1639; x_wconf 82' lang='lat' dir='ltr'>positam</span> <span class='ocrx_word' id='word_1_119' title='bbox 689 1586 756 1638; x_wconf 89' lang='lat' dir='ltr'>qui</span> <span class='ocrx_word' id='word_1_120' title='bbox 776 1586 899 1626; x_wconf 77' lang='lat' dir='ltr'>artem</span> <span class='ocrx_word' id='word_1_121' title='bbox 920 1593 1087 1625; x_wconf 87' lang='lat' dir='ltr'>tractant</span> <span class='ocrx_word' id='word_1_122' title='bbox 1107 1586 1310 1626; x_wconf 78' lang='lat' dir='ltr'>musicam.</span> 
     </span>
     <span class='ocr_line' id='line_1_19' title="bbox 201 1650 1180 1692; baseline 0 -2"><span class='ocrx_word' id='word_1_123' title='bbox 201 1652 266 1692; x_wconf 90' lang='lat' dir='ltr'>ille</span> <span class='ocrx_word' id='word_1_124' title='bbox 286 1653 336 1692; x_wconf 74' lang='lat' dir='ltr'>ad</span> <span class='ocrx_word' id='word_1_125' title='bbox 356 1654 501 1691; x_wconf 89' lang='lat' dir='ltr'>famem</span> <span class='ocrx_word' id='word_1_126' title='bbox 521 1654 628 1691; x_wconf 89' lang='lat' dir='ltr'>hunc</span> <span class='ocrx_word' id='word_1_127' title='bbox 647 1665 671 1690; x_wconf 84' lang='lat' dir='ltr'>a</span> <span class='ocrx_word' id='word_1_128' title='bbox 691 1651 822 1691; x_wconf 77' lang='lat' dir='ltr'>studio</span> <span class='ocrx_word' id='word_1_129' title='bbox 843 1651 993 1690; x_wconf 84' lang='lat' dir='ltr'>studuit</span> <span class='ocrx_word' id='word_1_130' title='bbox 1013 1650 1180 1692; x_wconf 89' lang='lat' dir='ltr'>reicere:</span> 
     </span>
     <span class='ocr_line' id='line_1_20' title="bbox 201 1715 1004 1769; baseline -0.002 -12"><span class='ocrx_word' id='word_1_131' title='bbox 201 1718 266 1757; x_wconf 90' lang='lat' dir='ltr'>hic</span> <span class='ocrx_word' id='word_1_132' title='bbox 285 1717 522 1769; x_wconf 88' lang='lat' dir='ltr'>respondere</span> <span class='ocrx_word' id='word_1_133' title='bbox 543 1717 682 1765; x_wconf 81' lang='lat' dir='ltr'>uoluit,</span> <span class='ocrx_word' id='word_1_134' title='bbox 703 1730 784 1755; x_wconf 93' lang='lat' dir='ltr'>non</span> <span class='ocrx_word' id='word_1_135' title='bbox 804 1715 1004 1755; x_wconf 86' lang='lat' dir='ltr'>lacessere.</span> 
     </span>
    </p>

    <p class='ocr_par' dir='ltr' id='par_1_6' title="bbox 139 1780 1358 2092">
     <span class='ocr_line' id='line_1_21' title="bbox 139 1780 1030 1829; baseline -0.003 -6"><span class='ocrx_word' id='word_1_136' title='bbox 139 1797 185 1823; x_wconf 89' lang='lat'>20</span> <span class='ocrx_word' id='word_1_137' title='bbox 202 1783 422 1823; x_wconf 88' lang='lat' dir='ltr'>benedictis</span> <span class='ocrx_word' id='word_1_138' title='bbox 443 1782 474 1821; x_wconf 92' lang='lat' dir='ltr'>si</span> <span class='ocrx_word' id='word_1_139' title='bbox 494 1782 688 1829; x_wconf 75' lang='lat' dir='ltr'>certasset,</span> <span class='ocrx_word' id='word_1_140' title='bbox 711 1780 885 1821; x_wconf 86' lang='lat' dir='ltr'>audisset</span> <span class='ocrx_word' id='word_1_141' title='bbox 904 1781 1030 1821; x_wconf 91' lang='lat' dir='ltr'>bene:</span> 
     </span>
     <span class='ocr_line' id='line_1_22' title="bbox 201 1844 1350 1900; baseline -0.003 -12"><span class='ocrx_word' id='word_1_142' title='bbox 201 1850 311 1900; x_wconf 88' lang='lat' dir='ltr'>quod</span> <span class='ocrx_word' id='word_1_143' title='bbox 331 1849 381 1887; x_wconf 93' lang='lat' dir='ltr'>ab</span> <span class='ocrx_word' id='word_1_144' title='bbox 402 1849 468 1887; x_wconf 87' lang='lat' dir='ltr'>illo</span> <span class='ocrx_word' id='word_1_145' title='bbox 487 1849 710 1894; x_wconf 86' lang='lat' dir='ltr'>adlatumst,</span> <span class='ocrx_word' id='word_1_146' title='bbox 735 1844 809 1899; x_wconf 92' lang='lat' dir='ltr'>[id]</span> <span class='ocrx_word' id='word_1_147' title='bbox 831 1846 905 1886; x_wconf 87' lang='lat' dir='ltr'>sibi</span> <span class='ocrx_word' id='word_1_148' title='bbox 925 1859 1010 1886; x_wconf 90' lang='lat' dir='ltr'>esse</span> <span class='ocrx_word' id='word_1_149' title='bbox 1031 1846 1209 1886; x_wconf 72' lang='lat' dir='ltr'>rellatum</span> <span class='ocrx_word' id='word_1_150' title='bbox 1229 1852 1350 1897; x_wconf 88' lang='lat' dir='ltr'>putet.</span> 
     </span>
     <span class='ocr_line' id='line_1_23' title="bbox 201 1911 1051 1958; baseline -0.005 -5"><span class='ocrx_word' id='word_1_151' title='bbox 201 1915 252 1953; x_wconf 92' lang='lat' dir='ltr'>de</span> <span class='ocrx_word' id='word_1_152' title='bbox 272 1913 339 1952; x_wconf 77' lang='lat' dir='ltr'>illo</span> <span class='ocrx_word' id='word_1_153' title='bbox 360 1913 437 1951; x_wconf 90' lang='lat' dir='ltr'>iarn</span> <span class='ocrx_word' id='word_1_154' title='bbox 457 1913 578 1952; x_wconf 89' lang='lat' dir='ltr'>finem</span> <span class='ocrx_word' id='word_1_155' title='bbox 598 1911 739 1951; x_wconf 80' lang='lat' dir='ltr'>faciam</span> <span class='ocrx_word' id='word_1_156' title='bbox 759 1911 924 1951; x_wconf 89' lang='lat' dir='ltr'>dicundi</span> <span class='ocrx_word' id='word_1_157' title='bbox 944 1911 1051 1958; x_wconf 91' lang='lat' dir='ltr'>mihi,</span> 
     </span>
     <span class='ocr_line' id='line_1_24' title="bbox 202 1975 1139 2030; baseline -0.003 -13"><span class='ocrx_word' id='word_1_158' title='bbox 202 1977 394 2030; x_wconf 65' lang='lat' dir='ltr'>peccendi</span> <span class='ocrx_word' id='word_1_159' title='bbox 415 1990 537 2028; x_wconf 86' lang='lat' dir='ltr'>quom</span> <span class='ocrx_word' id='word_1_160' title='bbox 557 1976 641 2028; x_wconf 88' lang='lat' dir='ltr'>ipse</span> <span class='ocrx_word' id='word_1_161' title='bbox 661 1975 711 2015; x_wconf 92' lang='lat' dir='ltr'>de</span> <span class='ocrx_word' id='word_1_162' title='bbox 732 1989 773 2015; x_wconf 90' lang='lat' dir='ltr'>se</span> <span class='ocrx_word' id='word_1_163' title='bbox 793 1977 913 2015; x_wconf 89' lang='lat' dir='ltr'>finem</span> <span class='ocrx_word' id='word_1_164' title='bbox 934 1977 1016 2015; x_wconf 79' lang='lat' dir='ltr'>non</span> <span class='ocrx_word' id='word_1_165' title='bbox 1036 1975 1139 2015; x_wconf 81' lang='lat' dir='ltr'>facit.</span> 
     </span>
     <span class='ocr_line' id='line_1_25' title="bbox 203 2040 1358 2092; baseline -0.002 -11"><span class='ocrx_word' id='word_1_166' title='bbox 203 2056 308 2081; x_wconf 90' lang='lat' dir='ltr'>nunc</span> <span class='ocrx_word' id='word_1_167' title='bbox 329 2043 425 2092; x_wconf 88' lang='lat' dir='ltr'>quid</span> <span class='ocrx_word' id='word_1_168' title='bbox 445 2041 564 2081; x_wconf 90' lang='lat' dir='ltr'>uelim</span> <span class='ocrx_word' id='word_1_169' title='bbox 584 2040 761 2080; x_wconf 87' lang='lat' dir='ltr'>animum</span> <span class='ocrx_word' id='word_1_170' title='bbox 781 2040 995 2080; x_wconf 88' lang='lat' dir='ltr'>attendite:</span> <span class='ocrx_word' id='word_1_171' title='bbox 1024 2040 1193 2091; x_wconf 83' lang='lat' dir='ltr'>adport6</span> <span class='ocrx_word' id='word_1_172' title='bbox 1212 2052 1358 2080; x_wconf 88' lang='lat' dir='ltr'>nouam</span> 
     </span>
    </p>

    <p class='ocr_par' dir='ltr' id='par_1_7' title="bbox 142 2105 1141 2220">
     <span class='ocr_line' id='line_1_26' title="bbox 142 2105 1141 2159; baseline -0.002 -12"><span class='ocrx_word' id='word_1_173' title='bbox 142 2116 184 2153; x_wconf 85' lang='lat'>25</span> <span class='ocrx_word' id='word_1_174' title='bbox 205 2107 566 2159; x_wconf 82' lang='lat' dir='ltr'>Epidicazomenon</span> <span class='ocrx_word' id='word_1_175' title='bbox 587 2106 706 2157; x_wconf 69' lang='lat' dir='ltr'>quzim</span> <span class='ocrx_word' id='word_1_176' title='bbox 727 2113 872 2146; x_wconf 89' lang='lat' dir='ltr'>uocant</span> <span class='ocrx_word' id='word_1_177' title='bbox 892 2105 1141 2146; x_wconf 77' lang='lat' dir='ltr'>comoediam</span> 
     </span>
     <span class='ocr_line' id='line_1_27' title="bbox 205 2171 1117 2220; baseline 0 -10"><span class='ocrx_word' id='word_1_178' title='bbox 205 2172 366 2220; x_wconf 78' lang='lat' dir='ltr'>Graece,</span> <span class='ocrx_word' id='word_1_179' title='bbox 389 2171 529 2212; x_wconf 85' lang='lat' dir='ltr'>Latine</span> <span class='ocrx_word' id='word_1_180' title='bbox 549 2173 609 2211; x_wconf 71' lang='lat' dir='ltr'>hic</span> <span class='ocrx_word' id='word_1_181' title='bbox 627 2171 908 2211; x_wconf 79' lang='lat' dir='ltr'>Phormionem</span> <span class='ocrx_word' id='word_1_182' title='bbox 929 2171 1117 2219; x_wconf 82' lang='lat' dir='ltr'>nominat,</span> 
     </span>
    </p>
   </div>
   <div class='ocr_carea' id='block_1_3' title="bbox 1355 1514 1379 1539">
    <p class='ocr_par' dir='ltr' id='par_1_8' title="bbox 1355 1514 1379 1539">
     <span class='ocr_line' id='line_1_28' title="bbox 1355 1514 1379 1539; baseline 0 -2"><span class='ocrx_word' id='word_1_183' title='bbox 1355 1514 1379 1539; x_wconf 57' lang='lat' dir='ltr'><strong>O</strong></span> 
     </span>
    </p>
   </div>
   <div class='ocr_carea' id='block_1_4' title="bbox 206 2273 1529 2358">
    <p class='ocr_par' dir='ltr' id='par_1_9' title="bbox 206 2273 1529 2358">
     <span class='ocr_line' id='line_1_29' title="bbox 248 2273 1527 2316; baseline 0 -10"><span class='ocrx_word' id='word_1_184' title='bbox 248 2286 267 2314; x_wconf 91' lang='lat'><strong>4</strong></span> <span class='ocrx_word' id='word_1_185' title='bbox 291 2279 370 2306; x_wconf 89' lang='lat' dir='ltr'>ante</span> <span class='ocrx_word' id='word_1_186' title='bbox 387 2275 441 2306; x_wconf 90' lang='lat' dir='ltr'>hic</span> <span class='ocrx_word' id='word_1_187' title='bbox 457 2275 589 2316; x_wconf 81' lang='lat' dir='ltr'>Bentley</span> <span class='ocrx_word' id='word_1_188' title='bbox 603 2286 610 2306; x_wconf 73' lang='grc' dir='ltr'>ε</span> <span class='ocrx_word' id='word_1_189' title='bbox 633 2279 712 2306; x_wconf 82' lang='lat' dir='ltr'>ante</span> <span class='ocrx_word' id='word_1_190' title='bbox 731 2274 783 2305; x_wconf 83' lang='lat' dir='ltr'>uel</span> <span class='ocrx_word' id='word_1_191' title='bbox 795 2275 940 2306; x_wconf 85' lang='lat' dir='ltr'>antehac</span> <span class='ocrx_word' id='word_1_192' title='bbox 957 2274 1044 2307; x_wconf 84' lang='lat' dir='ltr'>codd.</span> <span class='ocrx_word' id='word_1_193' title='bbox 1182 2284 1219 2313; x_wconf 81' lang='lat'>14</span> <span class='ocrx_word' id='word_1_194' title='bbox 1244 2278 1359 2314; x_wconf 87' lang='lat' dir='ltr'>posset</span> <span class='ocrx_word' id='word_1_195' title='bbox 1374 2273 1507 2313; x_wconf 83' lang='lat' dir='ltr'>Bentley</span> <span class='ocrx_word' id='word_1_196' title='bbox 1521 2285 1527 2306; x_wconf 91' lang='lat'>:</span> 
     </span>
     <span class='ocr_line' id='line_1_30' title="bbox 206 2317 1529 2358; baseline -0.001 -9"><span class='ocrx_word' id='word_1_197' title='bbox 206 2319 371 2358; x_wconf 88' lang='lat' dir='ltr'>potuisset</span> <span class='ocrx_word' id='word_1_198' title='bbox 389 2317 476 2349; x_wconf 88' lang='lat' dir='ltr'>codd.</span> <span class='ocrx_word' id='word_1_199' title='bbox 595 2329 633 2348; x_wconf 88' lang='lat'>21</span> <span class='ocrx_word' id='word_1_200' title='bbox 660 2319 692 2349; x_wconf 90' lang='lat' dir='ltr'>id</span> <span class='ocrx_word' id='word_1_201' title='bbox 709 2319 777 2349; x_wconf 81' lang='lat' dir='ltr'>secl.</span> <span class='ocrx_word' id='word_1_202' title='bbox 794 2318 957 2349; x_wconf 69' lang='lat' dir='ltr'>Dzz&#39;atzko</span> <span class='ocrx_word' id='word_1_203' title='bbox 1059 2318 1092 2348; x_wconf 86' lang='lat' dir='ltr'>id</span> <span class='ocrx_word' id='word_1_204' title='bbox 1109 2318 1172 2348; x_wconf 87' lang='lat' dir='ltr'>sibi</span> <span class='ocrx_word' id='word_1_205' title='bbox 1191 2318 1343 2349; x_wconf 79' lang='lat' dir='ltr'>rellatum</span> <span class='ocrx_word' id='word_1_206' title='bbox 1359 2317 1529 2349; x_wconf 82' lang='lat' dir='ltr'>Fleckeisen</span> 
     </span>
    </p>
   </div>
   <div class='ocr_carea' id='block_1_5' title="bbox 206 2361 1439 2432">
    <p class='ocr_par' dir='ltr' id='par_1_10' title="bbox 206 2361 1439 2432">
     <span class='ocr_line' id='line_1_31' title="bbox 206 2361 1439 2432; baseline -0.001 -39"><span class='ocrx_word' id='word_1_207' title='bbox 206 2362 249 2393; x_wconf 84' lang='lat'>26</span> <span class='ocrx_word' id='word_1_208' title='bbox 270 2361 422 2400; x_wconf 83' lang='lat' dir='ltr'>Bentley:</span> <span class='ocrx_word' id='word_1_209' title='bbox 449 2361 578 2402; x_wconf 86' lang='lat' dir='ltr'>Graeci,</span> <span class='ocrx_word' id='word_1_210' title='bbox 600 2361 711 2392; x_wconf 86' lang='lat' dir='ltr'>Latini</span> <span class='ocrx_word' id='word_1_211' title='bbox 730 2361 969 2393; x_wconf 82' lang='lat' dir='ltr'>Phormionem</span> <span class='ocrx_word' id='word_1_212' title='bbox 993 2362 1168 2392; x_wconf 86' lang='lat' dir='ltr'>nominant</span> <span class='ocrx_word' id='word_1_213' title='bbox 1184 2361 1272 2393; x_wconf 84' lang='lat' dir='ltr'>codd.</span> <span class='ocrx_word' id='word_1_214' title='bbox 1378 2399 1439 2432; x_wconf 58' lang='lat' dir='ltr'>u*</span> 
     </span>
    </p>
   </div>
  </div>
 </body>
</html>
