1773 2750
77 99 145 135 IV.
167 98 210 135 iii
586 98 627 134 P.
663 97 914 134 TERENTI
945 97 1078 134 AFRI

165 208 312 247 nullam
335 208 429 247 mihi
451 208 583 246 malim
605 221 724 257 quam
747 209 869 246 istanc
890 207 1049 246 uxorem
1071 202 1178 246 dari.'

164 275 260 312 AN
292 276 420 312 utrum
443 273 604 311 stultitia
624 273 750 311 facere
771 286 843 323 ego
864 274 970 311 hunc
990 286 1039 311 an
1062 272 1207 310 ma'litia

104 350 144 382 55
164 338 304 386 dicam,
327 338 516 377 scientem
536 351 586 376 an
607 338 895 387 inprudentem,
918 337 1087 376 ince'rtus
1109 351 1207 376 sum.
1507 341 1578 376 660

162 404 262 442 DE.
306 403 402 453 quid
450 403 481 442 si
532 402 704 441 animam
743 402 891 441 debet?
978 403 1069 442 GE.
1128 402 1239 451 ‘ager
1284 401 1488 451 oppositus

386 469 538 520 pignori

162 533 301 571 decem
323 532 375 571 ob
396 534 521 571 minas
542 533 624 570 est.'
679 533 777 570 DE.
809 531 880 582 age
900 545 981 582 age,
1004 531 1081 570 iam
1102 531 1244 570 ducat:
1275 531 1392 569 dabo.

166 598 258 636 GE.
291 597 514 636 ‘aediculae
534 596 627 635 item
648 603 739 635 sunt
759 597 812 635 ob
831 598 970 635 decem
991 596 1109 634 alias.'
1164 597 1263 634 DE.
1295 596 1382 642 oie‘1'‚

162 661 375 700 nimiiimst.
436 662 527 700 CH.
559 674 609 700 ne
628 663 776 700 clama:
807 661 972 711 re'petito
992 662 1111 699 hasce
1130 674 1153 699 a
1174 660 1236 699 me
1257 661 1407 699 decem.

101 728 143 761 60
166 727 258 765 GE.
292 729 301 746 ‘
315 725 423 765 uxori
443 727 616 765 emunda
635 727 853 764 ancillulast
867 740 877 773 3
906 733 990 764 tum
1011 727 1189 775 pluscula
1389 725 1391 727 ’
1508 724 1574 768 665

161 790 403 840 supellectile
424 803 523 840 opus
544 797 601 829 est
617 805 626 837 3
656 791 755 840 opus
776 797 834 828 est
855 796 1014 839 sumptu
1035 791 1085 828 ad
1106 789 1284 840 nuptias:

159 855 220 893 his
241 855 357 893 rebus
377 855 470 893 sane
481 861 604 904 porro
622 856 748 904 pone'
769 854 897 903 inquit
919 855 1080 892 ‘decem
1103 852 1287 906 [minas].⁷

159 921 259 958 DE.
291 918 487 958 sescentas
507 918 674 969 proinde
694 918 853 957 scribito
873 918 951 956 iam
971 918 1068 956 mihi
1088 918 1195 957 dicas
1212 934 1219 957 ι

160 983 214 1022 nil
235 985 298 1023 do.
357 985 559 1035 inpuratus
579 997 643 1023 me
664 985 727 1023 ille
747 991 789 1022 ut
809 983 927 1022 etiam
948 983 1144 1022 inrideat?

99 1049 142 1092 65
163 1050 255 1089 CII.
286 1062 445 1099 quaeso,
468 1049 540 1099 e'go
561 1049 677 1096 dabo,
700 1048 882 1099 quiesce:
912 1056 954 1087 tu
976 1050 1097 1088 modo
1117 1048 1241 1087 filium
1508 1046 1578 1090 670

161 1115 221 1152 fac
241 1121 284 1153 ut
304 1116 409 1153 illam
430 1115 560 1162 ducat,
583 1115 655 1153 nos
676 1127 795 1165 quam
816 1115 1011 1153 uolumus.
1070 1115 1166 1153 AN
1196 1115 1231 1152 ei
1252 1113 1346 1152 mihi
1365 1116 1371 1151 !

161 1180 276 1227 Geta,
297 1178 474 1218 occidisti
495 1178 558 1217 me‘
582 1178 658 1217 tuis
678 1178 850 1217 fallaciis.

163 1245 255 1284 CH.
286 1258 374 1283 mea
394 1246 512 1283 caiisa
531 1243 690 1283 eicitur:
721 1243 784 1282 me
805 1245 881 1283 hoc
902 1251 960 1283 est
979 1257 1149 1294 aequom
1170 1245 1358 1283 amittere.

166 1310 257 1349 GE.
292 1311 505 1358 ‘quantum
526 1316 655 1358 potest
676 1322 739 1347 me
759 1308 985 1347 certiorem'
1006 1309 1132 1359 inquit
1155 1310 1271 1356 ‘face‚

103 1385 144 1421 70
162 1373 194 1413 si
214 1373 319 1412 illam
340 1375 446 1421 dant,
470 1375 571 1412 hanc
594 1381 637 1412 ut
658 1375 821 1421 mittam,
844 1388 893 1412 ne
914 1374 1083 1413 incertus
1104 1374 1198 1413 siem
1216 1389 1225 1421 3
1509 1377 1551 1420 67
1558 1385 1574 1422 5

161 1451 253 1477 nam
274 1438 328 1476 illi
349 1438 444 1476 mihi
464 1439 598 1477 dotem
619 1438 696 1476 iam
718 1438 1003 1477 constituerunt
1024 1440 1140 1478 dare.’

162 1504 254 1543 CH.
286 1502 363 1541 iam
383 1503 571 1553 accipiat:
602 1503 674 1541 illis
696 1503 902 1553 repudium
924 1504 1144 1553 renuntiet3

160 1569 263 1607 hanc
284 1569 414 1607 diicat.
472 1569 570 1606 DE.
602 1581 703 1618 quae
724 1568 885 1618 quidem
908 1569 961 1607 illi
983 1583 1042 1608 res
1064 1570 1191 1609 uortat
1212 1570 1336 1608 male!

162 1634 253 1674 CH.
285 1633 506 1684 opportune
526 1634 628 1672 adeo
647 1633 851 1683 argentum
875 1647 981 1673 nunc
1003 1648 1157 1674 mecum
1180 1635 1301 1681 attuli,

102 1707 141 1744 75
161 1699 329 1737 fructum
351 1711 470 1748 quem
492 1698 632 1737 Lemni
653 1698 782 1738 uxoris
803 1700 974 1738 reddunt
994 1699 1153 1750 praedia
1170 1715 1175 1737 :
1509 1702 1577 1736 680

163 1762 256 1803 inde
276 1765 429 1803 sumam
444 1778 455 1812 3
484 1763 593 1803 uxori
614 1763 684 1802 tibi
705 1776 804 1813 opus
826 1777 911 1803 esse
931 1765 1076 1803 dixero.
1105 1795 1110 1799 .

101 1875 148 1913 iv
621 1875 883 1912 ANTIPHO
993 1875 1142 1912 GETA

163 1960 260 1999 AN
293 1960 404 1998 Geta.
467 1961 558 1999 GE.
590 1959 693 1999 he'm.
756 1962 852 1999 AN
889 1960 984 2010 quid
1009 1960 1150 2011 egisti?
1210 1961 1301 2000 GE.
1333 1959 1490 1999 e'munxi

377 2025 537 2074 argento
559 2038 683 2063 senes.

159 2090 256 2129 AN
285 2088 385 2128 satin
406 2089 464 2128 est
484 2089 554 2128 id?
610 2091 701 2129 GE.
731 2089 864 2128 nescio
885 2089 1037 2128 he'rcle:
1061 2097 1220 2139 tantum
1242 2088 1368 2129 iiissus
1389 2104 1487 2129 sum.

160 2155 256 2192 AN
288 2155 375 2201 eho,
398 2153 575 2201 uerbero‚
597 2154 703 2192 aliud
725 2154 819 2192 mihi
840 2155 1054 2204 respondes
1075 2154 1120 2193 :ic
1140 2156 1264 2205 rogo?

204 2259 268 2289 662
291 2259 337 2289 sic
357 2258 555 2289 Fleckeisen:
580 2257 623 2289 ob
647 2258 763 2289 decem
789 2257 878 2289 codd.
1028 2259 1092 2297 664
1118 2259 1266 2298 repetito
1295 2258 1487 2290 Fleckeisen:

162 2303 268 2341 petito
286 2301 374 2333 codd.
509 2303 572 2340 667
599 2311 702 2341 porro
720 2302 779 2333 ins.
796 2301 957 2332 Dziatzko
976 2305 1050 2332 ante
1073 2312 1166 2341 sane,
1186 2306 1261 2332 ante
1283 2312 1374 2341 pone
1394 2302 1495 2341 posui

162 2355 218 2385 ego
236 2357 242 2375 τ
267 2345 374 2376 minas
391 2345 456 2376 secl.
478 2344 608 2384 Bentley
739 2346 804 2383 670
821 2345 924 2375 filium
941 2344 973 2374 A
992 2357 998 2376 :
1024 2345 1112 2375 filius
1129 2346 1178 2375 Α2
1195 2356 1272 2375 cum
1291 2350 1353 2376 cett.
