1773 2750
117 94 186 132 IV.
208 93 255 131 iv
626 94 666 131 P.
699 93 951 131 TERENTI
983 93 1116 131 AFRI

209 205 383 244 sceleste.
441 204 472 243 si
493 205 559 255 pol
581 204 761 254 Glycerio
782 217 862 242 non
884 203 1015 243 omnia
1036 205 1132 242 haec
1155 234 1161 242 .
1186 235 1193 242 .
1217 235 1224 243 .
1553 213 1624 250 790

208 271 307 308 DA.
338 270 414 308 eho
435 269 579 319 inepta,
600 269 726 308 nescis
747 270 843 318 quid
864 268 912 307 sit
931 271 1092 308 actum?
1146 270 1205 308 M
1212 270 1250 307 Y.
1281 270 1348 319 qui
1368 268 1519 308 sciam?

209 336 307 373 DA.
338 334 402 374 hic
422 335 533 373 socer
552 341 621 373 est.
679 334 757 372 alio
778 335 894 384 paicto
915 335 1021 372 haud
1042 341 1194 384 poterat
1214 332 1298 372 sieri

211 406 253 438 ut
274 400 387 438 sciret
407 400 505 437 haee
526 412 626 448 quae
648 398 842 437 uolumus.
901 399 960 435 M
966 399 1004 436 Y.
1035 398 1142 445 hem,
1161 398 1416 448 praediceres.

153 471 193 504 55
211 465 309 503 DA.
339 465 500 514 paulum
521 464 708 501 interesse
727 461 875 510 censes,
898 475 945 501 ex
963 461 1097 501 animo
1117 463 1261 511 omnia,

212 536 254 568 ut
275 529 346 568 fert
366 536 516 576 natura,
536 526 654 567 facias
674 540 725 566 an
745 527 796 566 de
816 526 1035 566 industria?
1559 535 1625 572 795

164 694 195 720 ν
495 681 674 721 CRITO
785 682 960 719 MYS1s
1071 682 1257 720 DAvos

218 785 302 824 CR.
335 785 382 822 In
404 783 477 822 hzic
498 783 695 824 habitasse
716 785 844 835 pleitea
864 783 1053 823 dictumst
1075 784 1319 835 Chrysidem,

214 862 315 899 quae
336 848 420 887 sese
440 848 648 888 inhoneste
669 849 820 900 optauit
841 862 973 899 parere
994 849 1058 887 hic
1078 849 1193 888 ditias

214 913 346 964 potius
366 926 485 963 quam
506 913 545 951 in
567 913 690 963 patria
710 914 875 952 honeste
896 927 1043 964 pauper
1064 915 1235 953 uiueret:

217 978 300 1017 eius
321 978 445 1016 morte
466 991 511 1016 ea
530 979 581 1016 ad
602 991 665 1016 me
685 978 769 1028 lege
789 978 986 1018 redierunt
1007 979 1123 1017 bona.

180 1059 197 1091 5
219 1045 288 1082 sed
310 1044 409 1093 quos
430 1051 635 1093 perconter
656 1043 796 1082 uideo:
828 1045 985 1082 saluete.
1043 1046 1146 1083 MV.
1178 1045 1354 1092 obsecrO,
1566 1044 1634 1079 800

218 1116 329 1147 estne
348 1108 412 1145 hic
433 1120 552 1157 quem
573 1107 692 1146 uideo
714 1108 822 1147 Crito
843 1107 1025 1146 sobrinus
1047 1109 1278 1159 Chrysidis?

218 1172 250 1210 is
271 1172 339 1211 est.
401 1172 486 1212 CR.
518 1185 542 1210 o
564 1171 698 1221 Mysis,
722 1173 851 1211 salue!
910 1174 1013 1210 MY.
1045 1174 1174 1211 saluos
1196 1175 1257 1221 sis,
1281 1174 1401 1213 Crito.

223 1238 306 1276 CR.
338 1235 418 1274 itan
453 1236 641 1286 Chrysis?
681 1237 783 1274 hem.
853 1237 912 1273 M
918 1237 956 1274 Y.
989 1249 1060 1274 nos
1095 1238 1254 1287 quidem
1291 1240 1355 1288 pol
1390 1236 1549 1276 miseras

435 1302 616 1353 perdidit.

223 1367 308 1407 CR.
334 1365 430 1417 quid
452 1368 553 1406 uos?
581 1380 661 1417 quo
677 1375 792 1418 pacto
813 1368 906 1406 hic?
936 1367 1060 1407 seitine
1075 1370 1209 1408 recte?
1268 1369 1326 1407 M
1333 1370 1371 1407 Y.
1397 1370 1550 1408 nosne?

436 1431 490 1470 Sic
507 1447 514 1469 :

161 1512 202 1536 10
220 1504 262 1536 ut
282 1498 451 1547 quimus,
473 1496 596 1545 aiunt,
617 1498 778 1548 queindo
799 1505 840 1536 ut
861 1500 1045 1537 uolumus
1066 1498 1147 1537 non
1168 1498 1268 1538 lieet.
1571 1506 1636 1550 805

224 1564 309 1603 CR.
340 1562 436 1613 quid
459 1562 713 1612 Glycerium?
742 1562 819 1600 iam
841 1562 904 1601 hic
926 1564 1017 1602 suos
1038 1563 1210 1614 parentis
1230 1564 1429 1615 re'pperit?

220 1629 279 1667 M
286 1629 324 1667 Y.
356 1627 531 1666 utinam!
605 1627 690 1666 CR.
721 1627 770 1665 ein
801 1641 881 1666 non
912 1629 1008 1667 dum
1037 1627 1187 1668 etiarn?
1215 1630 1321 1668 haud
1350 1629 1552 1680 auspicato

437 1694 513 1731 hue
534 1706 597 1732 me
618 1692 729 1731 zittuli
745 1708 754 1739 3

221 1772 313 1797 narn
334 1759 410 1808 pol,
434 1757 465 1796 si
485 1757 525 1796 id
546 1757 722 1806 scissem,
741 1761 959 1809 numquam
981 1761 1058 1798 huc
1079 1759 1294 1799 tetulissem
1315 1760 1470 1810 pedem.

222 1823 376 1873 sempe'r
396 1827 432 1861 e'i'
452 1822 593 1861 dictast
614 1822 699 1862 e'sse
719 1825 816 1862 haec
836 1831 956 1874 atque
977 1824 1146 1863 habitast
1167 1838 1274 1863 soror
1289 1839 1299 1872 3

165 1901 202 1934 15
223 1901 324 1939 quae
345 1888 446 1926 illius
467 1889 622 1926 fuerunt
643 1887 840 1937 possidet:
872 1903 978 1928 nunc
999 1903 1062 1928 me
1083 1889 1279 1939 hospitem
1573 1897 1640 1931 810

223 1954 299 1992 litis
320 1952 441 2003 sequi,
464 1966 584 2002 quam
604 1952 644 1991 id
666 1952 763 1990 mihi
784 1953 831 1991 sit
853 1954 965 1993 facile
985 1962 1103 2004 atque
1125 1954 1228 2001 utile,

223 2018 387 2057 aliorum
408 2019 587 2067 exempla
607 2019 874 2058 commonent.
934 2019 1049 2057 simul
1070 2019 1247 2067 arbitror,

225 2084 302 2122 iam
322 2083 493 2133 aliquem
515 2082 600 2122 e'sse
620 2083 791 2122 amicum
814 2091 851 2123 et
873 2084 1121 2123 defensorem
1142 2084 1176 2122 ei
1191 2099 1201 2132 3
1230 2083 1320 2122 naim
1343 2083 1422 2123 fere

272 2196 331 2227 797
357 2187 490 2218 diuitias
508 2191 531 2219 Σ
665 2188 726 2218 801
753 2187 927 2219 Fleckeisen
947 2199 953 2219 :
976 2198 1076 2227 quem
1096 2187 1205 2229 (quid)
1230 2188 1356 2219 uideo?
1390 2192 1488 2218 estne
1506 2188 1558 2218 hie

228 2256 233 2262 .
255 2254 262 2262 .
282 2254 289 2261 .
309 2231 467 2261 chrisidis
487 2234 510 2263 Σ
645 2231 710 2270 805
734 2231 781 2261 sic
810 2236 845 2262 ut
871 2232 1002 2271 quimus
1031 2230 1186 2262 Donatus
1213 2235 1242 2263 et
1265 2231 1360 2262 schol.
1495 2232 1557 2270 807

226 2273 322 2305 attuli
347 2284 425 2305 cum
450 2273 618 2306 Pmlscicmo
642 2274 796 2314 Bentley:
821 2274 937 2315 appuli
955 2278 978 2307 Σ
1127 2275 1192 2313 809
1216 2279 1249 2306 εἶ
1265 2285 1340 2305 cum
1361 2274 1389 2304 G
1405 2274 1557 2314 Bentley:

227 2319 300 2349 eius
321 2328 395 2348 cum
415 2318 505 2349 enim
524 2323 677 2358 super-scr.
701 2317 760 2349 D:
785 2319 875 2349 enim
892 2317 1047 2349 Donatus
1177 2319 1237 2349 811
1265 2318 1297 2350 id
1315 2318 1469 2350 Donatus
1484 2329 1558 2349 cum

227 2361 304 2392 Diu
318 2371 379 2393 ras,
400 2366 427 2392 et
442 2362 483 2392 E¹
500 2373 506 2392 :
531 2363 585 2392 hic
602 2365 664 2394 cett.
683 2365 711 2393 et
726 2361 880 2394 Donatus
895 2361 942 2392 ad
954 2361 1030 2394 Hec.
1050 2362 1091 2394 iv.
1114 2374 1143 2401 4.
1165 2372 1204 2401 25
