1773 2750
154 120 201 156 V.
222 120 235 155 i
391 138 394 141 -
645 123 684 160 P.
718 116 971 160 TERENT'I
1002 124 1134 162 AFRI

222 230 310 268 LA.
342 229 472 281 le‘pida
501 245 553 270 es.
613 233 683 271 sed
714 232 808 281 scin,
840 234 936 284 quid
970 236 1063 274 uolo
1095 235 1226 286 potius
1257 236 1373 275 sodes
1403 235 1554 276 facias?

437 297 530 335 BA.
560 298 687 347 quid?
715 299 827 337 cedo.

222 360 308 397 LA.
341 373 405 398 eas
432 362 483 400 ad
513 361 694 426 mulieres
726 363 804 401 huc
835 362 938 403 intro
968 371 1087 415 atque
1118 366 1219 405 istuc
1249 365 1309 404 ius
1342 365 1550 406 iurandum

438 425 532 464 item

221 488 430 538 polliceare
458 490 543 530 illis.
603 493 716 543 exple
744 492 921 532 animum
951 493 1006 533 eis
1037 494 1155 545 teque
1186 496 1266 534 hoe‘
1294 494 1458 534 crimine
1491 495 1551 535 e'x-
1569 502 1635 540 755

438 555 541 606 pedi.

161 630 201 660 30
221 620 312 658 BA.
346 619 499 668 faciam,
520 622 629 670 quod
658 623 734 672 pol,
764 622 795 660 si
826 622 927 662 esset
956 622 1031 662 alia
1057 637 1107 662 ex
1138 625 1214 664 hoc
1243 632 1420 675 quaestu,
1442 625 1550 664 haud

436 686 589 734 faceret,
613 687 705 734 scio,

220 758 262 790 ut
283 752 334 791 de
354 751 420 790 tali
441 752 574 790 caiisa
580 750 726 803 nuptae
747 753 901 793 mulieri
921 767 962 794 se
981 754 1217 794 ostenderet.

219 817 289 854 sed
309 818 403 854 nolo
423 829 509 854 esse
528 817 624 855 falsa
644 818 747 856 fama
767 819 928 868 gnatum
950 812 1176 869 suspectum
1198 828 1320 868 tuom,

219 882 291 920 nec
339 880 526 920 leuiorem
575 883 701 931 uobis,
741 884 886 934 quibus
923 892 981 924 est
1020 886 1196 924 minume
1233 899 1416 937 aequom,
1456 900 1548 926 eum

433 946 601 986 uiderier

217 1012 398 1050 inmerito
416 1027 425 1059 3
473 1025 565 1051 nam
605 1012 764 1052 me'ritus
803 1015 854 1053 de
892 1027 956 1053 me
994 1021 1066 1063 est,
1097 1016 1205 1066 quod
1240 1028 1382 1067 queam
1417 1017 1472 1056 illi
1506 1025 1548 1056 ut
1567 1024 1636 1066 760

432 1078 696 1117 commodem.

157 1152 197 1183 35
216 1143 302 1180 LA.
340 1141 493 1181 facilem
534 1143 845 1193 beniuolumque
884 1144 1015 1195 lingua
1049 1146 1116 1184 tua
1149 1145 1227 1185 iam
1261 1146 1332 1185 tibi
1368 1160 1431 1186 me
1465 1147 1548 1186 red-

431 1207 557 1247 didit.

216 1272 306 1310 nam
342 1285 422 1310 non
457 1280 548 1311 sunt
582 1274 688 1312 solae
726 1273 933 1313 arbitratae
967 1275 1090 1323 haec3
1133 1289 1207 1327 ego
1236 1289 1396 1327 quoque
1427 1276 1544 1316 etiam

432 1337 592 1377 credidi.

215 1403 321 1440 minc
341 1415 460 1452 quam
481 1416 555 1453 ego
575 1411 614 1442 te
634 1417 719 1442 esse
740 1403 892 1454 praeter
912 1412 1085 1444 nostram
1107 1406 1336 1456 opinionem
1357 1406 1543 1457 comperi,

215 1467 275 1505 fac
296 1469 436 1506 eadem
458 1476 500 1507 ut
521 1468 572 1507 sis
593 1469 709 1519 porro
726 1484 732 1508 :
763 1477 896 1508 nostra
916 1470 1025 1509 ute're
1045 1470 1227 1519 amicitia,
1250 1473 1292 1510 tit
1313 1472 1433 1510 uoles.

214 1532 323 1571 aliter
352 1533 383 1571 si
414 1534 652 1573 facias—me
682 1534 901 1585 reprimam,
936 1549 986 1574 ne
1016 1536 1131 1587 ae'gre
1162 1537 1374 1587 quicquam
1405 1551 1451 1576 ex
1481 1550 1544 1576 me
1563 1540 1628 1585 765

428 1599 576 1638 audias.

152 1678 195 1709 40
214 1661 350 1702 uerum
383 1665 459 1703 hoc
490 1671 529 1703 te
562 1678 707 1704 moneo
742 1666 878 1713 tinum,
909 1665 1060 1706 amicus
1092 1667 1217 1718 qualis
1249 1667 1321 1706 sim
1351 1675 1417 1706 aut
1447 1667 1543 1718 quid

428 1729 599 1779 possiem
1352 1724 1355 1725 ⁷

213 1793 343 1844 potius
364 1806 483 1845 quam
504 1794 697 1843 inimicus,
721 1794 910 1846 periclum
932 1795 1060 1835 facias.

167 1931 198 1969 ii
374 1933 688 1971 PHIDIPPVS
801 1934 1023 1971 LACHES
1134 1934 1383 1972 BACCHIS

993 2022 1087 2059 PH.
1121 2021 1187 2059 Nil
1207 2022 1314 2071 apud
1336 2021 1398 2060 me
1419 2022 1488 2060 tibi

213 2084 348 2123 defieri
369 2085 502 2135 patiar,
526 2086 621 2135 quin
642 2085 813 2136 benigne
834 2087 942 2136 quod
963 2094 1079 2142 opust
1100 2086 1341 2136 praebeatur.

213 2151 283 2189 sed
303 2151 424 2200 quom
446 2158 488 2188 tu
510 2158 639 2189 satura
659 2158 777 2200 atque
799 2150 904 2189 ebria
925 2164 977 2197 es,
1001 2163 1098 2200 puer
1118 2154 1159 2188 rit
1181 2159 1286 2189 satur
1306 2151 1353 2189 sit
1375 2150 1502 2190 facito.

258 2266 318 2295 753
345 2254 517 2286 Muretus:
541 2255 676 2295 quiduis
690 2255 774 2285 cedo
792 2254 881 2286 codd.
1032 2264 1092 2294 754
1118 2254 1198 2285 item
1216 2253 1319 2286 Rein.
1314 2266 1319 2272 ·
1345 2255 1433 2286 idem
1450 2255 1540 2288 codd.

215 2301 277 2339 765
302 2299 503 2330 Fleckeisen:
536 2299 716 2339 reprimam
743 2308 794 2328 me
820 2296 908 2329 codd.
1045 2298 1108 2337 766
1132 2298 1196 2328 hoc
1224 2302 1258 2328 te
1291 2301 1340 2329 Σ;
1372 2304 1405 2329 te
1426 2299 1489 2330 hoc
1508 2300 1541 2329 A

213 2344 322 2382 qualis
338 2343 402 2373 sim
419 2343 545 2373 amicus
565 2341 651 2373 codd.
789 2343 852 2380 768
877 2341 927 2372 D
916 2342 997 2372 *emt
999 2340 1062 2372 ko:
1096 2342 1187 2381 quod
1220 2351 1305 2382 opus
1335 2342 1376 2373 sit
1407 2343 1475 2377 (est
1495 2342 1543 2383 E)

214 2387 360 2425 benigne
378 2385 465 2416 codd.
602 2387 664 2425 769
689 2395 725 2416 es
742 2385 894 2425 Bentley.
917 2385 985 2415 eris
1002 2384 1089 2416 codd
