1773 2750
144 115 212 153 IV.

197 429 215 462 5

176 821 215 843 10

176 1659 216 1682 20

233 113 279 152 iv
653 111 693 148 P.
726 108 978 147 TERENTI
1011 107 1143 145 AFRI

234 235 330 273 puer
344 221 519 262 herclest.
566 219 714 267 mulier,
733 226 773 257 tu
790 217 978 269 zidposisti
992 218 1097 256 hunc
1113 218 1129 255 Ρ
1175 217 1234 255 M
1240 217 1279 254 Y.
1303 214 1369 254 libi
1382 214 1460 253 illic
1475 215 1561 253 est?

239 289 328 327 CH.
373 301 453 327 non
499 285 594 325 mihi
642 284 885 334 respondes?
958 283 1061 320 MY.
1109 283 1304 330 misquam
1343 286 1412 319 est.
1487 292 1560 317 uae

451 350 613 390 miserae
634 348 729 388 mihi
749 351 756 386 1

236 416 390 468 reliquit
411 429 474 454 me
495 417 615 454 homo
635 421 753 463 atque
774 411 879 451 Abiit.
937 412 1035 450 DA.
1067 410 1106 450 di
1127 410 1298 450 uostrdm
1320 409 1450 455 fidem,

233 483 340 533 apud
360 482 487 520 f6rum
508 479 604 531 quid
625 479 797 517 turbaest
817 480 823 515 !
880 477 975 527 quid
996 475 1073 514 illic
1093 475 1300 515 hominum
1319 473 1470 524 litigant
1487 475 1493 510 1
1580 481 1645 519 745

233 555 317 586 tum
337 547 496 585 annena
515 551 650 584 carast.
709 543 804 594 quid
825 541 954 581 dicam
974 540 1081 580 aliud
1101 539 1246 579 nescio.

233 613 292 650 M
298 612 336 649 Y.
367 623 466 661 quor
486 617 527 648 tu
549 609 713 647 6bsecro
728 606 792 645 hic
808 619 871 644 me
888 606 1011 645 s61am
1027 607 1044 643 ?
1098 606 1196 643 DA.
1227 605 1328 651 hem,
1348 615 1448 654 quae
1463 602 1560 640 haec

449 682 506 714 est
526 674 687 712 fabula?

234 742 311 780 eho
333 739 467 791 Mysis,
490 752 586 790 puer
605 738 669 776 hic
691 737 862 776 findest?
891 735 1029 786 quisue
1050 735 1128 773 huc
1147 733 1304 773 attulit?

233 808 292 845 M
298 807 337 845 Y.
369 805 468 845 satin
498 804 626 844 sainu's
661 802 728 854 qui
763 816 825 841 me
855 800 895 840 id
925 800 1096 852 r6gites?
1163 801 1262 838 DA.
1302 811 1420 849 quem
1450 796 1564 848 igitt'lr

449 883 582 920 rogem

232 935 298 987 qui
321 935 385 975 hic
405 934 606 974 neminem
626 933 746 972 alium
767 932 957 972 uideam?
1017 932 1107 971 CH.
1139 929 1256 969 miror
1276 929 1383 968 finde
1403 928 1462 967 sit.
1583 937 1650 974 750

233 1002 331 1039 DA.
362 999 514 1039 dictdra
536 1012 577 1038 es
601 999 710 1049 quod
737 999 860 1048 rogo?
915 997 1018 1035 MV.
1049 997 1123 1034 ati!
1178 996 1275 1033 DA.
1306 994 1483 1033 concede
1511 994 1562 1031 ad

448 1063 658 1103 dexteram.

234 1129 332 1166 MY.
366 1128 543 1166 Deliras:
574 1140 655 1166 non
677 1133 758 1165 tute
780 1127 862 1176 ipse
896 1157 901 1164 .
935 1156 941 1163 .
976 1126 1017 1163 .?
1071 1126 1168 1163 DA.
1201 1124 1366 1163 uerbum
1387 1124 1419 1162 si
1439 1122 1534 1161 mihi

234 1195 357 1231 untim
377 1199 528 1242 praeter
548 1205 666 1242 quam
687 1191 795 1241 qu6d
817 1198 854 1228 te
875 1203 968 1240 rogo
988 1190 1084 1228 faxis
1101 1204 1109 1228 ι
1139 1202 1235 1228 caue
1255 1191 1262 1227 1

234 1258 336 1296 male
352 1256 478 1296 dicis?
507 1257 679 1295 undest?
708 1255 771 1293 dic
788 1256 900 1293 clare.
945 1255 1005 1292 M
1009 1254 1049 1292 Y.
1079 1267 1103 1292 a
1117 1254 1243 1292 nobis.
1291 1254 1387 1292 DA.
1411 1254 1537 1292 hahae
1554 1256 1560 1292 3

234 1321 376 1360 minim
396 1335 501 1369 uero,
524 1320 760 1372 inpudenter
780 1319 919 1359 mulier
939 1320 970 1358 si
990 1318 1081 1358 facit
1584 1327 1625 1365 75
1632 1327 1648 1364 5

234 1388 413 1426 meretrix
433 1389 439 1425 1
501 1387 590 1427 CH.
635 1385 686 1424 ab
716 1384 902 1424 Andriast
933 1382 1108 1437 [ancilla]
1144 1385 1252 1431 haec,
1289 1390 1479 1434 quantum
1510 1383 1564 1422 in—

448 1450 600 1502 tellego.

234 1518 332 1555 DA.
362 1517 492 1556 adedn
512 1516 693 1555 uidemur
713 1515 826 1555 u6bis
847 1528 932 1554 esse
952 1514 1095 1562 id6nei,

236 1581 276 1620 in
297 1581 440 1631 quibus
460 1580 515 1620 sic
534 1580 752 1619 inlude'ttis?
812 1582 901 1620 CH.
932 1579 1023 1618 ueni
1043 1579 1083 1618 in
1104 1578 1290 1630 tempore.

235 1648 334 1685 DA.
364 1659 529 1696 propera
548 1645 648 1684 eideo
668 1658 833 1696 puerum
854 1645 989 1684 tdllere
1009 1643 1101 1682 hinc
1120 1644 1171 1682 ab
1190 1643 1316 1682 izinua.

235 1710 352 1749 mane'
371 1724 378 1748 :
408 1723 504 1749 caue
524 1723 725 1760 quoquam
746 1723 791 1748 ex
812 1710 910 1748 istoc
930 1709 1096 1747 excessis
1115 1709 1204 1747 loco
1224 1711 1230 1746 !
1583 1722 1652 1764 760

235 1776 338 1814 MV.
370 1775 409 1814 di
432 1783 469 1814 te
490 1775 687 1814 eradicent
705 1778 711 1813 1
741 1776 793 1813 ita
813 1788 876 1813 me
897 1773 1077 1813 miseram
1098 1773 1258 1812 territas.

236 1842 334 1878 DA.
376 1839 446 1878 tibi
481 1839 553 1890 ego
586 1840 677 1878 dico
711 1853 761 1878 an
795 1841 906 1878 non?
960 1840 1020 1877 M
1025 1839 1064 1877 Y.
1106 1839 1202 1889 quid
1240 1838 1329 1877 uis?
1382 1840 1480 1878 DA.
1523 1848 1562 1878 at

451 1904 567 1943 etiaim
588 1906 728 1955 rogas?

237 1969 348 2015 cedo,
371 1968 534 2018 qudium
555 1982 719 2019 puerum
741 1968 805 2008 hic
825 1968 1046 2020 aidposisti?
1075 1969 1138 2007 dic
1159 1967 1266 2006 mihi.

236 2034 294 2071 M
301 2034 340 2070 Y.
371 2040 412 2071 tu
434 2032 560 2072 nescis
575 2035 593 2071 ?
646 2035 744 2072 DA.
776 2033 886 2072 mitte
906 2033 946 2073 id
967 2034 1075 2084 qu6d
1095 2033 1200 2072 scio:
1229 2032 1293 2071 dic
1313 2033 1422 2083 qudd
1442 2046 1547 2083 rogo.

281 2145 343 2175 742
367 2136 529 2176 adposisti
555 2135 680 2167 Ritschl
692 2148 699 2167 :
724 2141 781 2167 tun
806 2136 945 2176 posuisti
967 2136 1111 2168 BCEP:
1134 2141 1194 2167 tun
1211 2136 1395 2176 apposuisti
1411 2134 1500 2167 DG:
1526 2141 1560 2167 tu

237 2178 305 2210 edd.
333 2183 405 2210 καί.
645 2189 706 2219 745
730 2180 929 2211 Fleckeisen:
961 2180 1041 2220 quid
1066 2180 1214 2211 turbaest
1240 2180 1328 2218 apud
1355 2179 1461 2210 sorum
1486 2182 1509 2210 Σ
1532 2183 1562 2210 et

237 2221 393 2253 Donatus
551 2232 609 2263 751
636 2223 764 2254 dictura
781 2233 818 2254 es
833 2223 966 2263 Bentley
981 2235 987 2254 :
1013 2222 1170 2254 dictura's
1187 2222 1360 2253 Fleckeisen
1377 2234 1384 2253 ε
1408 2223 1560 2254 dicturan

237 2276 275 2296 es
292 2266 345 2296 uel
360 2266 533 2297 dicturane
550 2276 588 2297 es
604 2269 627 2298 Σ
740 2276 801 2306 753
825 2271 962 2307 praeter
976 2276 1076 2307 quam
1094 2267 1209 2307 uolgo:
1235 2271 1389 2306 praetera
1406 2266 1495 2306 quod
1514 2265 1567 2296 uec*

238 2313 516 2349 praetereaquam
534 2313 558 2341 Σ
663 2311 725 2349 756
749 2310 888 2342 uerbum
905 2310 1066 2342 seclusum
1083 2309 1203 2342 habent
1216 2313 1244 2341 et
1259 2313 1281 2341 Σ
1298 2312 1327 2341 et
1341 2320 1415 2340 cum
1431 2309 1565 2341 Donato

238 2351 476 2394 Eugraphius:
499 2352 566 2384 secl.
587 2352 747 2384 Paumier
