1773 2750
125 135 172 171 V.
193 134 222 170 ii
617 133 658 170 P.
690 132 944 170 TERENTI
974 132 1107 169 AFRI

136 1557 172 1588 35

133 1881 174 1911 40

197 244 289 282 CH
320 244 422 281 hanc
444 241 565 281 metui
586 255 636 280 ne
658 255 721 281 me
741 241 1009 281 criminarettir
1028 241 1111 280 tibi.
1542 245 1606 289 855

202 309 243 346 Τ
234 309 290 346 H
330 307 427 357 quid
465 306 611 346 feceras
624 308 642 344 ?
712 307 804 345 CH
845 308 1006 357 paulum
1044 305 1247 356 quiddam.
1318 305 1408 343 ΡΥ.
1448 305 1525 343 eho

413 374 422 391 ‘
434 374 620 422 paulum‚'
641 372 868 422 inpudens?

195 451 245 476 an
266 439 426 487 paulum
448 439 524 477 hoc
545 451 630 476 esse
651 436 722 476 tibi
743 437 908 484 uidetur,
931 436 1123 487 uirginem

196 502 331 541 uitiare
352 502 510 541 ciuem?
569 504 659 542 CH
691 503 923 542 co'nseruam
944 516 1029 542 esse
1049 501 1210 541 credidi.

138 580 151 600 2
194 569 283 606 ΡΥ.
315 567 577 607 conseruam?
606 567 671 606 uix
691 569 878 607 contineo
898 581 963 607 me
984 567 1078 618 quin
1101 568 1275 606 inuolem

196 640 372 671 monstro
393 634 432 671 in
453 632 638 684 capillum
655 648 662 671 :
693 632 811 671 etiarn
832 634 933 671 ultro
954 632 1125 671 derisum
1146 631 1319 671 aduenit.
1544 623 1613 658 860

202 699 290 736 TH
321 698 415 737 abin
434 699 537 745 hinc,
561 698 727 737 insana?
783 699 872 736 ΡΥ.
903 699 999 748 quid
1020 697 1073 735 ita
1093 698 1216 736 uero?
1245 696 1424 741 debeam,

195 764 325 809 credo,
349 762 410 801 isti
432 762 644 813 quicquam
666 762 858 809 furcifero,
882 762 922 800 id
943 761 974 800 si
993 761 1151 800 fecerim
1166 775 1176 809 ;

194 827 422 878 praesertim
442 840 564 877 quorn
585 840 627 866 se
647 826 803 865 seruom
823 828 989 864 fateatur
1008 833 1130 864 tuom.

137 902 173 923 2·
203 894 291 931 TH
322 891 441 930 missa
460 890 559 930 haec
579 891 779 930 faciamus.
838 891 919 929 non
940 897 978 928 te
998 889 1173 939 dignum,
1197 889 1383 937 Chaerea,

195 957 320 995 fecisti
336 971 346 1004 3
374 970 466 995 narn
487 956 518 995 si
539 969 612 1006 ego
633 957 750 1006 digna
771 956 846 994 hac
866 954 1106 994 contumelia
1544 946 1609 991 865

196 1035 283 1061 sum
305 1021 500 1070 maxume,
520 1029 560 1060 at
579 1029 622 1059 tu
642 1021 826 1071 indignus
848 1020 915 1071 qui
935 1019 1080 1059 faceres
1101 1027 1245 1059 tamen.

196 1100 326 1137 neque
346 1085 488 1137 edepol
509 1085 606 1136 quid
626 1099 733 1124 nunc
753 1084 893 1124 consili
913 1084 1065 1135 capia'm
1087 1083 1168 1123 scio

195 1153 246 1191 de
267 1151 416 1201 uirgine
436 1151 532 1190 istac
549 1166 556 1189 :
586 1152 639 1189 ita
659 1150 902 1189 conturbasti
922 1149 1019 1187 mihi

137 1232 151 1262 ᾗ
196 1216 365 1256 rationes
386 1216 526 1263 omnis,
549 1218 592 1254 ut
612 1228 699 1254 eam
721 1228 802 1254 non
822 1216 970 1265 possim
991 1214 1070 1252 suis

196 1281 249 1320 ita
269 1289 312 1320 ut
330 1281 501 1332 aequom
521 1282 647 1320 fuerat
666 1281 785 1331 atque
805 1287 847 1318 ut
868 1279 1003 1318 studui
1023 1279 1188 1326 tradere,
1547 1286 1616 1328 870

195 1353 237 1384 ut
258 1346 429 1385 solidum
449 1359 625 1396 parerem
647 1347 724 1384 hoc
745 1346 799 1383 mi
819 1344 1069 1392 beneficium,
1093 1342 1280 1384 Chaerea.

198 1412 288 1450 CH
319 1419 359 1449 at
379 1413 486 1449 nunc
506 1410 651 1450 dehinc
672 1424 786 1461 spero
806 1409 1006 1449 aeternam
1026 1409 1127 1448 inter
1147 1422 1220 1448 nos
1239 1407 1402 1460 gratiam

195 1477 286 1524 fore,
310 1476 443 1515 Thais.
502 1489 619 1526 saepe
640 1489 686 1514 ex
706 1476 822 1514 huius
843 1474 952 1514 modi
973 1489 1013 1514 re
1033 1473 1219 1526 quapiam

195 1542 299 1580 malo
319 1540 512 1592 principio
534 1540 676 1591 magna
695 1540 933 1579 familiaritas

195 1607 413 1646 conflatast.
472 1606 568 1657 quid
589 1606 620 1644 si
641 1607 717 1645 hoc
738 1605 933 1657 quispiam
954 1606 1080 1644 uoluit
1099 1606 1227 1644 deus?
1548 1611 1590 1653 87
1596 1619 1612 1655 5

200 1674 289 1711 TH
321 1671 507 1722 equidem
528 1673 594 1722 pol
615 1671 655 1709 in
677 1685 763 1710 eam
786 1671 938 1722 partem
956 1670 1188 1722 accipioque
1210 1670 1247 1709 et
1268 1671 1371 1709 uolo.

196 1738 287 1776 CH
319 1736 442 1775 immo
463 1738 516 1775 ita
536 1750 694 1787 quaeso.
754 1750 878 1774 unum
898 1737 976 1775 hoc
996 1737 1105 1783 scito,
1129 1734 1392 1774 contumeliae

194 1815 275 1840 non
296 1802 359 1840 me
379 1801 518 1841 fecisse
539 1804 666 1850 caiisa,
691 1802 762 1841 sed
782 1803 937 1840 amoris.
1002 1803 1043 1840 T
1034 1803 1090 1840 H
1122 1800 1216 1848 seio,

194 1874 232 1905 et
252 1868 318 1916 pol
339 1874 546 1917 propterea
566 1867 689 1918 magis
711 1881 818 1906 nunc
838 1866 1001 1917 ignosco'
1022 1866 1104 1905 tibi.

194 1945 276 1971 non
296 1932 397 1971 adeo
419 1932 637 1971 inhumano
659 1932 817 1982 ingenio
838 1945 936 1980 sum,
960 1931 1147 1979 Chaerea„
1547 1924 1611 1958 330

193 2011 322 2048 neque
343 1997 396 2035 ita
417 1998 591 2048 inperita,
617 2005 659 2036 ut
680 1998 776 2047 quid
796 2010 906 2036 amor
922 1998 1050 2035 ualeat
1071 1995 1255 2035 nesciam.

195 2063 286 2101 CH
319 2070 356 2100 te
377 2063 537 2113 quoque
557 2062 646 2110 iam,
670 2063 803 2109 Thais,
826 2063 879 2100 ita
899 2075 962 2100 me
983 2061 1023 2100 di
1043 2061 1146 2100 bene
1165 2060 1309 2107 ament,
1331 2073 1434 2098 amo.

192 2128 282 2166 ΡΥ.
313 2134 396 2165 turn
418 2128 485 2177 pol
507 2126 578 2166 tibi
597 2127 647 2166 ab
668 2126 777 2173 istoc,
802 2125 876 2174 era,
901 2127 1125 2181 cauendum
1146 2124 1342 2175 intellego.

236 2232 301 2271 859
324 2231 369 2263 sic
393 2231 591 2263 Fleckeisen:
614 2241 668 2262 me
692 2230 854 2262 contineo
879 2229 968 2261 codd.
1171 2229 1236 2260 860
1261 2227 1454 2260 Fleckeisen:
1489 2228 1523 2259 in

193 2276 352 2315 capillum
370 2280 558 2307 monstrum
576 2274 664 2306 codd.
778 2275 842 2304 862
866 2274 899 2305 id
917 2275 945 2305 si
964 2273 1136 2304 Fleckeisen
1152 2285 1159 2304 z
1182 2273 1211 2304 si
1229 2273 1262 2304 id
1278 2271 1366 2303 codd.
1460 2273 1521 2311 871

193 2320 394 2351 beneficium
412 2319 514 2358 codd.‚
530 2323 614 2360 recte,
633 2321 671 2349 ut
686 2317 834 2349 uidetur:
863 2317 929 2349 uid.
950 2316 1098 2356 Lindsay
1113 2316 1161 2348 ad
1174 2316 1284 2347 Plaut.
1302 2316 1394 2357 Capt.
1409 2321 1443 2357 p.
1466 2326 1499 2355 75
1517 2328 1524 2347 ε

193 2363 373 2394 benficium
391 2363 564 2393 Fleckeisen
725 2363 787 2402 874
813 2366 846 2392 et
871 2361 924 2392 uel
945 2372 988 2392 ex
1011 2360 1063 2392 uel
1082 2371 1102 2391 e
1125 2360 1214 2391 malo
1229 2359 1343 2391 codd:
1367 2360 1523 2400 quapiam

193 2414 227 2438 et
247 2407 252 2449 Ι
273 2408 359 2438 malo
377 2417 425 2447 pr.
447 2406 578 2445 Bentley
1194 2406 1197 2408 “
