<?xml version="1.0" encoding="UTF-8"?>
<!DOCTYPE html PUBLIC "-//W3C//DTD XHTML 1.0 Transitional//EN"
    "http://www.w3.org/TR/xhtml1/DTD/xhtml1-transitional.dtd">
<html xmlns="http://www.w3.org/1999/xhtml" xml:lang="en" lang="en">
 <head>
  <title>
</title>
<meta http-equiv="Content-Type" content="text/html;charset=utf-8" />
  <meta name='ocr-system' content='tesseract 3.04.00' />
  <meta name='ocr-capabilities' content='ocr_page ocr_carea ocr_par ocr_line ocrx_word'/>
</head>
<body>
  <div class='ocr_page' id='page_1' title='image "./comoediaerecogno00tereuoft_0125.png"; bbox 0 0 1773 2750; ppageno 0'>
   <div class='ocr_carea' id='block_1_1' title="bbox 751 127 1606 166">
    <p class='ocr_par' dir='ltr' id='par_1_1' title="bbox 751 127 1606 166">
     <span class='ocr_line' id='line_1_1' title="bbox 751 127 1606 166; baseline 0.002 -2"><span class='ocrx_word' id='word_1_1' title='bbox 751 127 1051 165; x_wconf 82' lang='lat' dir='ltr'>EVNVCHVS</span> <span class='ocrx_word' id='word_1_2' title='bbox 1528 130 1556 166; x_wconf 91' lang='grc' dir='ltr'>Ι.</span> <span class='ocrx_word' id='word_1_3' title='bbox 1577 128 1606 165; x_wconf 91' lang='lat' dir='ltr'>ii</span> 
     </span>
    </p>
   </div>
   <div class='ocr_carea' id='block_1_2' title="bbox 151 235 1622 2149">
    <p class='ocr_par' dir='ltr' id='par_1_2' title="bbox 242 235 1559 338">
     <span class='ocr_line' id='line_1_2' title="bbox 242 235 1559 286; baseline 0.001 -12"><span class='ocrx_word' id='word_1_4' title='bbox 242 237 328 274; x_wconf 88' lang='grc' dir='ltr'>ΡΑ.</span> <span class='ocrx_word' id='word_1_5' title='bbox 360 249 410 274; x_wconf 92' lang='lat' dir='ltr'>ne</span> <span class='ocrx_word' id='word_1_6' title='bbox 429 236 506 274; x_wconf 90' lang='lat' dir='ltr'>hoe</span> <span class='ocrx_word' id='word_1_7' title='bbox 525 236 687 286; x_wconf 90' lang='lat' dir='ltr'>quidem</span> <span class='ocrx_word' id='word_1_8' title='bbox 707 235 852 274; x_wconf 85' lang='lat' dir='ltr'>tacebit</span> <span class='ocrx_word' id='word_1_9' title='bbox 873 236 1076 274; x_wconf 55' lang='lat' dir='ltr'>Parmeno.</span> <span class='ocrx_word' id='word_1_10' title='bbox 1142 239 1228 274; x_wconf 82' lang='lat' dir='ltr'>TH.</span> <span class='ocrx_word' id='word_1_11' title='bbox 1261 238 1324 283; x_wconf 87' lang='lat' dir='ltr'>oh,</span> <span class='ocrx_word' id='word_1_12' title='bbox 1343 238 1559 276; x_wconf 79' lang='lat' dir='ltr'>dubiumne</span> 
     </span>
     <span class='ocr_line' id='line_1_3' title="bbox 454 299 602 338; baseline 0.007 -1"><span class='ocrx_word' id='word_1_13' title='bbox 454 299 494 338; x_wconf 93' lang='lat' dir='ltr'>id</span> <span class='ocrx_word' id='word_1_14' title='bbox 514 307 572 338; x_wconf 89' lang='lat' dir='ltr'>est</span> <span class='ocrx_word' id='word_1_15' title='bbox 584 301 602 338; x_wconf 87' lang='lat'>?</span> 
     </span>
    </p>

    <p class='ocr_par' dir='ltr' id='par_1_3' title="bbox 157 362 1622 668">
     <span class='ocr_line' id='line_1_4' title="bbox 157 362 1622 413; baseline 0.004 -14"><span class='ocrx_word' id='word_1_16' title='bbox 157 373 224 410; x_wconf 90' lang='lat'>130</span> <span class='ocrx_word' id='word_1_17' title='bbox 242 363 317 401; x_wconf 89' lang='lat' dir='ltr'>hoc</span> <span class='ocrx_word' id='word_1_18' title='bbox 337 362 447 413; x_wconf 69' lang='lat' dir='ltr'>zigite,</span> <span class='ocrx_word' id='word_1_19' title='bbox 469 363 622 402; x_wconf 86' lang='lat' dir='ltr'>amabo.</span> <span class='ocrx_word' id='word_1_20' title='bbox 682 363 804 402; x_wconf 73' lang='lat' dir='ltr'>mziter</span> <span class='ocrx_word' id='word_1_21' title='bbox 823 376 911 401; x_wconf 85' lang='lat' dir='ltr'>mea</span> <span class='ocrx_word' id='word_1_22' title='bbox 931 363 1008 401; x_wconf 89' lang='lat' dir='ltr'>illic</span> <span class='ocrx_word' id='word_1_23' title='bbox 1029 364 1217 402; x_wconf 82' lang='lat' dir='ltr'>mortuast</span> <span class='ocrx_word' id='word_1_24' title='bbox 1582 374 1622 405; x_wconf 86' lang='lat'>50</span> 
     </span>
     <span class='ocr_line' id='line_1_5' title="bbox 241 426 1344 477; baseline 0.001 -13"><span class='ocrx_word' id='word_1_25' title='bbox 241 426 386 477; x_wconf 78' lang='lat' dir='ltr'>nuper:</span> <span class='ocrx_word' id='word_1_26' title='bbox 416 426 557 476; x_wconf 88' lang='lat' dir='ltr'>quoius</span> <span class='ocrx_word' id='word_1_27' title='bbox 577 428 692 465; x_wconf 84' lang='lat' dir='ltr'>frater</span> <span class='ocrx_word' id='word_1_28' title='bbox 711 427 954 477; x_wconf 49' lang='lat' dir='ltr'>aliquantum</span> <span class='ocrx_word' id='word_1_29' title='bbox 975 429 1025 466; x_wconf 85' lang='lat' dir='ltr'>ad</span> <span class='ocrx_word' id='word_1_30' title='bbox 1046 435 1164 465; x_wconf 87' lang='lat' dir='ltr'>remst</span> <span class='ocrx_word' id='word_1_31' title='bbox 1183 427 1344 466; x_wconf 53' lang='lat' dir='ltr'>auidior.</span> 
     </span>
     <span class='ocr_line' id='line_1_6' title="bbox 241 490 1240 541; baseline 0.001 -13"><span class='ocrx_word' id='word_1_32' title='bbox 241 490 272 528; x_wconf 90' lang='lat' dir='ltr'>is</span> <span class='ocrx_word' id='word_1_33' title='bbox 293 490 359 529; x_wconf 89' lang='lat' dir='ltr'>ubi</span> <span class='ocrx_word' id='word_1_34' title='bbox 379 492 452 528; x_wconf 84' lang='lat' dir='ltr'>e‘sse</span> <span class='ocrx_word' id='word_1_35' title='bbox 471 492 573 529; x_wconf 82' lang='lat' dir='ltr'>hane</span> <span class='ocrx_word' id='word_1_36' title='bbox 593 492 717 529; x_wconf 84' lang='lat' dir='ltr'>forma</span> <span class='ocrx_word' id='word_1_37' title='bbox 737 492 845 529; x_wconf 88' lang='lat' dir='ltr'>uidet</span> <span class='ocrx_word' id='word_1_38' title='bbox 866 492 1031 529; x_wconf 82' lang='lat' dir='ltr'>honesta</span> <span class='ocrx_word' id='word_1_39' title='bbox 1050 490 1240 541; x_wconf 87' lang='lat' dir='ltr'>uirginem</span> 
     </span>
     <span class='ocr_line' id='line_1_7' title="bbox 240 554 1050 604; baseline 0 -12"><span class='ocrx_word' id='word_1_40' title='bbox 240 561 278 592; x_wconf 90' lang='lat' dir='ltr'>et</span> <span class='ocrx_word' id='word_1_41' title='bbox 298 554 442 593; x_wconf 79' lang='lat' dir='ltr'>fidibus</span> <span class='ocrx_word' id='word_1_42' title='bbox 463 554 570 601; x_wconf 86' lang='lat' dir='ltr'>scire,</span> <span class='ocrx_word' id='word_1_43' title='bbox 592 554 760 604; x_wconf 75' lang='lat' dir='ltr'>pretium</span> <span class='ocrx_word' id='word_1_44' title='bbox 781 567 940 604; x_wconf 82' lang='lat' dir='ltr'>sperans</span> <span class='ocrx_word' id='word_1_45' title='bbox 961 554 1050 592; x_wconf 89' lang='lat' dir='ltr'>ilico</span> 
     </span>
     <span class='ocr_line' id='line_1_8' title="bbox 239 617 1075 668; baseline 0 -12"><span class='ocrx_word' id='word_1_46' title='bbox 239 618 429 668; x_wconf 70' lang='lat' dir='ltr'>producit,</span> <span class='ocrx_word' id='word_1_47' title='bbox 453 617 599 656; x_wconf 87' lang='lat' dir='ltr'>uendit.</span> <span class='ocrx_word' id='word_1_48' title='bbox 659 619 756 657; x_wconf 83' lang='lat' dir='ltr'>forte</span> <span class='ocrx_word' id='word_1_49' title='bbox 777 620 932 657; x_wconf 83' lang='lat' dir='ltr'>fortuna</span> <span class='ocrx_word' id='word_1_50' title='bbox 951 618 1075 656; x_wconf 57' lang='lat' dir='ltr'>adfuit</span> 
     </span>
    </p>

    <p class='ocr_par' dir='ltr' id='par_1_4' title="bbox 155 681 1621 989">
     <span class='ocr_line' id='line_1_9' title="bbox 155 681 1621 731; baseline -0.001 -11"><span class='ocrx_word' id='word_1_51' title='bbox 155 693 218 731; x_wconf 81' lang='lat'>135</span> <span class='ocrx_word' id='word_1_52' title='bbox 240 682 303 720; x_wconf 87' lang='lat' dir='ltr'>hic</span> <span class='ocrx_word' id='word_1_53' title='bbox 324 681 433 720; x_wconf 75' lang='lat' dir='ltr'>meus</span> <span class='ocrx_word' id='word_1_54' title='bbox 453 681 626 720; x_wconf 83' lang='lat' dir='ltr'>amicus:</span> <span class='ocrx_word' id='word_1_55' title='bbox 657 681 751 720; x_wconf 78' lang='lat' dir='ltr'>emit</span> <span class='ocrx_word' id='word_1_56' title='bbox 770 695 857 720; x_wconf 84' lang='lat' dir='ltr'>eam</span> <span class='ocrx_word' id='word_1_57' title='bbox 877 683 985 721; x_wconf 83' lang='lat' dir='ltr'>dono</span> <span class='ocrx_word' id='word_1_58' title='bbox 1006 682 1101 720; x_wconf 88' lang='lat' dir='ltr'>mihi</span> <span class='ocrx_word' id='word_1_59' title='bbox 1583 694 1621 724; x_wconf 82' lang='lat'>55</span> 
     </span>
     <span class='ocr_line' id='line_1_10' title="bbox 239 745 1223 796; baseline 0 -12"><span class='ocrx_word' id='word_1_60' title='bbox 239 746 452 796; x_wconf 73' lang='lat' dir='ltr'>inprudens</span> <span class='ocrx_word' id='word_1_61' title='bbox 473 747 610 784; x_wconf 85' lang='lat' dir='ltr'>harum</span> <span class='ocrx_word' id='word_1_62' title='bbox 632 745 757 784; x_wconf 78' lang='lat' dir='ltr'>rerum</span> <span class='ocrx_word' id='word_1_63' title='bbox 779 746 1014 796; x_wconf 81' lang='lat' dir='ltr'>ignarusque</span> <span class='ocrx_word' id='word_1_64' title='bbox 1035 746 1223 785; x_wconf 82' lang='lat' dir='ltr'>omnium.</span> 
     </span>
     <span class='ocr_line' id='line_1_11' title="bbox 238 810 1216 861; baseline 0 -12"><span class='ocrx_word' id='word_1_65' title='bbox 238 811 269 849; x_wconf 88' lang='lat' dir='ltr'>is</span> <span class='ocrx_word' id='word_1_66' title='bbox 290 811 420 850; x_wconf 76' lang='lat' dir='ltr'>uenit:</span> <span class='ocrx_word' id='word_1_67' title='bbox 450 818 659 861; x_wconf 83' lang='lat' dir='ltr'>postquam</span> <span class='ocrx_word' id='word_1_68' title='bbox 681 810 801 849; x_wconf 78' lang='lat' dir='ltr'>sensit</span> <span class='ocrx_word' id='word_1_69' title='bbox 821 824 885 849; x_wconf 90' lang='lat' dir='ltr'>me</span> <span class='ocrx_word' id='word_1_70' title='bbox 905 813 1035 849; x_wconf 77' lang='lat' dir='ltr'>tecum</span> <span class='ocrx_word' id='word_1_71' title='bbox 1057 824 1216 861; x_wconf 88' lang='lat' dir='ltr'>quoque</span> 
     </span>
     <span class='ocr_line' id='line_1_12' title="bbox 238 874 1126 924; baseline 0.001 -12"><span class='ocrx_word' id='word_1_72' title='bbox 238 889 320 914; x_wconf 89' lang='lat' dir='ltr'>rem</span> <span class='ocrx_word' id='word_1_73' title='bbox 340 874 494 921; x_wconf 77' lang='lat' dir='ltr'>habere,</span> <span class='ocrx_word' id='word_1_74' title='bbox 517 874 627 924; x_wconf 85' lang='lat' dir='ltr'>fingit</span> <span class='ocrx_word' id='word_1_75' title='bbox 649 877 786 913; x_wconf 73' lang='lat' dir='ltr'>causas</span> <span class='ocrx_word' id='word_1_76' title='bbox 806 888 856 913; x_wconf 88' lang='lat' dir='ltr'>ne</span> <span class='ocrx_word' id='word_1_77' title='bbox 877 876 944 914; x_wconf 91' lang='lat' dir='ltr'>det</span> <span class='ocrx_word' id='word_1_78' title='bbox 965 875 1102 913; x_wconf 76' lang='lat' dir='ltr'>sedulo</span> <span class='ocrx_word' id='word_1_79' title='bbox 1119 890 1126 913; x_wconf 93' lang='lat'>:</span> 
     </span>
     <span class='ocr_line' id='line_1_13' title="bbox 238 939 1157 989; baseline -0.001 -12"><span class='ocrx_word' id='word_1_80' title='bbox 238 939 301 986; x_wconf 83' lang='lat' dir='ltr'>ait,</span> <span class='ocrx_word' id='word_1_81' title='bbox 324 941 356 978; x_wconf 86' lang='lat' dir='ltr'>si</span> <span class='ocrx_word' id='word_1_82' title='bbox 376 940 494 978; x_wconf 84' lang='lat' dir='ltr'>fidem</span> <span class='ocrx_word' id='word_1_83' title='bbox 515 939 658 977; x_wconf 85' lang='lat' dir='ltr'>habeat</span> <span class='ocrx_word' id='word_1_84' title='bbox 678 953 719 977; x_wconf 87' lang='lat' dir='ltr'>se</span> <span class='ocrx_word' id='word_1_85' title='bbox 739 939 782 977; x_wconf 91' lang='lat' dir='ltr'>iri</span> <span class='ocrx_word' id='word_1_86' title='bbox 802 939 1066 989; x_wconf 71' lang='lat' dir='ltr'>praepositum</span> <span class='ocrx_word' id='word_1_87' title='bbox 1088 939 1157 977; x_wconf 90' lang='lat' dir='ltr'>tibi</span> 
     </span>
    </p>

    <p class='ocr_par' dir='ltr' id='par_1_5' title="bbox 153 1003 1621 1310">
     <span class='ocr_line' id='line_1_14' title="bbox 153 1003 1621 1054; baseline 0 -13"><span class='ocrx_word' id='word_1_88' title='bbox 153 1014 222 1048; x_wconf 90' lang='lat'>140</span> <span class='ocrx_word' id='word_1_89' title='bbox 237 1005 343 1054; x_wconf 74' lang='lat' dir='ltr'>apud</span> <span class='ocrx_word' id='word_1_90' title='bbox 364 1017 437 1050; x_wconf 88' lang='lat' dir='ltr'>me,</span> <span class='ocrx_word' id='word_1_91' title='bbox 459 1017 505 1042; x_wconf 83' lang='lat' dir='ltr'>ac</span> <span class='ocrx_word' id='word_1_92' title='bbox 525 1017 605 1042; x_wconf 90' lang='lat' dir='ltr'>non</span> <span class='ocrx_word' id='word_1_93' title='bbox 626 1003 667 1042; x_wconf 90' lang='lat' dir='ltr'>id</span> <span class='ocrx_word' id='word_1_94' title='bbox 687 1004 844 1050; x_wconf 75' lang='lat' dir='ltr'>metuat,</span> <span class='ocrx_word' id='word_1_95' title='bbox 867 1017 927 1051; x_wconf 89' lang='lat' dir='ltr'>ne,</span> <span class='ocrx_word' id='word_1_96' title='bbox 950 1004 1018 1042; x_wconf 89' lang='lat' dir='ltr'>ubi</span> <span class='ocrx_word' id='word_1_97' title='bbox 1037 1003 1266 1054; x_wconf 78' lang='lat' dir='ltr'>acceperim,</span> <span class='ocrx_word' id='word_1_98' title='bbox 1578 1016 1621 1048; x_wconf 81' lang='lat'>60</span> 
     </span>
     <span class='ocr_line' id='line_1_15' title="bbox 238 1067 1133 1118; baseline -0.002 -11"><span class='ocrx_word' id='word_1_99' title='bbox 238 1068 322 1107; x_wconf 88' lang='lat' dir='ltr'>sese&#39;</span> <span class='ocrx_word' id='word_1_100' title='bbox 343 1068 570 1118; x_wconf 85' lang='lat' dir='ltr'><strong>relinquam,</strong></span> <span class='ocrx_word' id='word_1_101' title='bbox 595 1067 695 1106; x_wconf 76' lang='lat' dir='ltr'>uelle</span> <span class='ocrx_word' id='word_1_102' title='bbox 716 1081 756 1105; x_wconf 91' lang='lat' dir='ltr'>se</span> <span class='ocrx_word' id='word_1_103' title='bbox 776 1067 881 1105; x_wconf 81' lang='lat' dir='ltr'>illam</span> <span class='ocrx_word' id='word_1_104' title='bbox 901 1067 997 1105; x_wconf 86' lang='lat' dir='ltr'>mihi</span> <span class='ocrx_word' id='word_1_105' title='bbox 1017 1069 1109 1106; x_wconf 81' lang='lat' dir='ltr'>dare</span> <span class='ocrx_word' id='word_1_106' title='bbox 1124 1082 1133 1115; x_wconf 89' lang='lat'>;</span> 
     </span>
     <span class='ocr_line' id='line_1_16' title="bbox 238 1131 1227 1182; baseline -0.001 -11"><span class='ocrx_word' id='word_1_107' title='bbox 238 1146 373 1171; x_wconf 90' lang='lat' dir='ltr'>uerum</span> <span class='ocrx_word' id='word_1_108' title='bbox 394 1133 434 1172; x_wconf 92' lang='lat' dir='ltr'>id</span> <span class='ocrx_word' id='word_1_109' title='bbox 454 1132 588 1171; x_wconf 87' lang='lat' dir='ltr'>uereri.</span> <span class='ocrx_word' id='word_1_110' title='bbox 648 1131 717 1171; x_wconf 76' lang='lat' dir='ltr'>sed</span> <span class='ocrx_word' id='word_1_111' title='bbox 738 1145 810 1181; x_wconf 86' lang='lat' dir='ltr'>ego</span> <span class='ocrx_word' id='word_1_112' title='bbox 831 1139 1021 1182; x_wconf 85' lang='lat' dir='ltr'>quantum</span> <span class='ocrx_word' id='word_1_113' title='bbox 1042 1132 1227 1182; x_wconf 70' lang='lat' dir='ltr'>suspicor,</span> 
     </span>
     <span class='ocr_line' id='line_1_17' title="bbox 236 1195 1432 1247; baseline -0.002 -12"><span class='ocrx_word' id='word_1_114' title='bbox 236 1198 286 1236; x_wconf 69' lang='lat' dir='ltr'>ad</span> <span class='ocrx_word' id='word_1_115' title='bbox 308 1197 497 1247; x_wconf 86' lang='lat' dir='ltr'>uirginem</span> <span class='ocrx_word' id='word_1_116' title='bbox 518 1196 694 1235; x_wconf 81' lang='lat' dir='ltr'>animum</span> <span class='ocrx_word' id='word_1_117' title='bbox 711 1196 863 1235; x_wconf 75' lang='lat' dir='ltr'>adiecit.</span> <span class='ocrx_word' id='word_1_118' title='bbox 922 1198 1015 1234; x_wconf 99' lang='grc' dir='ltr'>ΡΗ</span> <span class='ocrx_word' id='word_1_119' title='bbox 1047 1196 1216 1235; x_wconf 79' lang='lat' dir='ltr'>etiamne</span> <span class='ocrx_word' id='word_1_120' title='bbox 1237 1195 1432 1246; x_wconf 62' lang='lat' dir='ltr'>simplius?</span> 
     </span>
     <span class='ocr_line' id='line_1_18' title="bbox 243 1259 1444 1310; baseline -0.002 -11"><span class='ocrx_word' id='word_1_121' title='bbox 243 1264 330 1300; x_wconf 84' lang='grc' dir='ltr'>ΤΗ</span> <span class='ocrx_word' id='word_1_122' title='bbox 363 1261 416 1299; x_wconf 91' lang='lat' dir='ltr'>nil</span> <span class='ocrx_word' id='word_1_123' title='bbox 432 1276 441 1309; x_wconf 78' lang='lat'>3</span> <span class='ocrx_word' id='word_1_124' title='bbox 471 1262 562 1299; x_wconf 68' lang='lat' dir='ltr'>nz&#39;tm</span> <span class='ocrx_word' id='word_1_125' title='bbox 584 1260 771 1310; x_wconf 83' lang='lat' dir='ltr'>quaesiui.</span> <span class='ocrx_word' id='word_1_126' title='bbox 831 1263 936 1298; x_wconf 75' lang='lat' dir='ltr'>nunc</span> <span class='ocrx_word' id='word_1_127' title='bbox 957 1273 1029 1310; x_wconf 85' lang='lat' dir='ltr'>ego</span> <span class='ocrx_word' id='word_1_128' title='bbox 1049 1273 1149 1307; x_wconf 84' lang='lat' dir='ltr'>eam,</span> <span class='ocrx_word' id='word_1_129' title='bbox 1170 1259 1223 1298; x_wconf 88' lang='lat' dir='ltr'>mi</span> <span class='ocrx_word' id='word_1_130' title='bbox 1244 1259 1444 1305; x_wconf 79' lang='lat' dir='ltr'>Phaedria,</span> 
     </span>
    </p>

    <p class='ocr_par' dir='ltr' id='par_1_6' title="bbox 153 1324 1618 1633">
     <span class='ocr_line' id='line_1_19' title="bbox 153 1324 1618 1377; baseline -0.001 -14"><span class='ocrx_word' id='word_1_131' title='bbox 153 1332 214 1369; x_wconf 82' lang='lat'>145</span> <span class='ocrx_word' id='word_1_132' title='bbox 237 1325 382 1364; x_wconf 80' lang='lat' dir='ltr'>multae</span> <span class='ocrx_word' id='word_1_133' title='bbox 402 1333 492 1363; x_wconf 85' lang='lat' dir='ltr'>sunt</span> <span class='ocrx_word' id='word_1_134' title='bbox 513 1338 653 1364; x_wconf 82' lang='lat' dir='ltr'>causae</span> <span class='ocrx_word' id='word_1_135' title='bbox 674 1338 793 1375; x_wconf 80' lang='lat' dir='ltr'>quam</span> <span class='ocrx_word' id='word_1_136' title='bbox 814 1325 867 1363; x_wconf 79' lang='lat' dir='ltr'>ob</span> <span class='ocrx_word' id='word_1_137' title='bbox 887 1337 967 1362; x_wconf 86' lang='lat' dir='ltr'>rem</span> <span class='ocrx_word' id='word_1_138' title='bbox 988 1324 1105 1374; x_wconf 89' lang='lat' dir='ltr'>cupio</span> <span class='ocrx_word' id='word_1_139' title='bbox 1125 1324 1344 1362; x_wconf 77' lang='lat' dir='ltr'>abducere:</span> <span class='ocrx_word' id='word_1_140' title='bbox 1579 1338 1618 1377; x_wconf 78' lang='lat'>65</span> 
     </span>
     <span class='ocr_line' id='line_1_20' title="bbox 236 1387 1274 1440; baseline -0.002 -13"><span class='ocrx_word' id='word_1_141' title='bbox 236 1390 404 1440; x_wconf 79' lang='lat' dir='ltr'>primum</span> <span class='ocrx_word' id='word_1_142' title='bbox 425 1391 533 1440; x_wconf 89' lang='lat' dir='ltr'>quod</span> <span class='ocrx_word' id='word_1_143' title='bbox 554 1402 661 1428; x_wconf 92' lang='lat' dir='ltr'>soror</span> <span class='ocrx_word' id='word_1_144' title='bbox 681 1397 739 1427; x_wconf 83' lang='lat' dir='ltr'>est</span> <span class='ocrx_word' id='word_1_145' title='bbox 759 1390 888 1436; x_wconf 76' lang='lat' dir='ltr'>dicta3</span> <span class='ocrx_word' id='word_1_146' title='bbox 917 1396 1114 1439; x_wconf 81' lang='lat' dir='ltr'>praeterea</span> <span class='ocrx_word' id='word_1_147' title='bbox 1134 1390 1175 1426; x_wconf 82' lang='lat' dir='ltr'>ut</span> <span class='ocrx_word' id='word_1_148' title='bbox 1196 1387 1274 1426; x_wconf 87' lang='lat' dir='ltr'>suis</span> 
     </span>
     <span class='ocr_line' id='line_1_21' title="bbox 236 1451 1431 1500; baseline -0.002 -8"><span class='ocrx_word' id='word_1_149' title='bbox 236 1456 435 1492; x_wconf 76' lang='lat' dir='ltr'>restituam</span> <span class='ocrx_word' id='word_1_150' title='bbox 455 1467 500 1492; x_wconf 81' lang='lat' dir='ltr'>ac</span> <span class='ocrx_word' id='word_1_151' title='bbox 522 1455 695 1492; x_wconf 81' lang='lat' dir='ltr'>reddam.</span> <span class='ocrx_word' id='word_1_152' title='bbox 756 1454 838 1492; x_wconf 79' lang='lat' dir='ltr'>sola</span> <span class='ocrx_word' id='word_1_153' title='bbox 859 1467 945 1491; x_wconf 88' lang='lat' dir='ltr'>sum</span> <span class='ocrx_word' id='word_1_154' title='bbox 961 1467 971 1500; x_wconf 76' lang='lat'><em>3</em></span> <span class='ocrx_word' id='word_1_155' title='bbox 999 1453 1127 1491; x_wconf 81' lang='lat' dir='ltr'>habeo</span> <span class='ocrx_word' id='word_1_156' title='bbox 1148 1452 1211 1490; x_wconf 85' lang='lat' dir='ltr'>hic</span> <span class='ocrx_word' id='word_1_157' title='bbox 1231 1451 1431 1491; x_wconf 86' lang='lat' dir='ltr'>ne&#39;minem</span> 
     </span>
     <span class='ocr_line' id='line_1_22' title="bbox 235 1516 1521 1569; baseline -0.002 -12"><span class='ocrx_word' id='word_1_158' title='bbox 235 1532 364 1568; x_wconf 86' lang='lat' dir='ltr'>neque</span> <span class='ocrx_word' id='word_1_159' title='bbox 383 1520 554 1557; x_wconf 86' lang='lat' dir='ltr'>amicum</span> <span class='ocrx_word' id='word_1_160' title='bbox 575 1531 705 1568; x_wconf 87' lang='lat' dir='ltr'>neque</span> <span class='ocrx_word' id='word_1_161' title='bbox 726 1518 936 1569; x_wconf 54' lang='lat' dir='ltr'>cognatum</span> <span class='ocrx_word' id='word_1_162' title='bbox 955 1533 961 1555; x_wconf 88' lang='lat'>:</span> <span class='ocrx_word' id='word_1_163' title='bbox 991 1530 1109 1567; x_wconf 80' lang='lat' dir='ltr'>quam</span> <span class='ocrx_word' id='word_1_164' title='bbox 1130 1517 1182 1555; x_wconf 91' lang='lat' dir='ltr'>ob</span> <span class='ocrx_word' id='word_1_165' title='bbox 1203 1530 1295 1563; x_wconf 84' lang='lat' dir='ltr'>rem,</span> <span class='ocrx_word' id='word_1_166' title='bbox 1319 1516 1521 1564; x_wconf 76' lang='lat' dir='ltr'>Phaedria,</span> 
     </span>
     <span class='ocr_line' id='line_1_23' title="bbox 235 1582 1156 1633; baseline -0.002 -12"><span class='ocrx_word' id='word_1_167' title='bbox 235 1582 353 1633; x_wconf 87' lang='lat' dir='ltr'>cupio</span> <span class='ocrx_word' id='word_1_168' title='bbox 372 1583 523 1633; x_wconf 49' lang='lat' dir='ltr'>&amp;liquos</span> <span class='ocrx_word' id='word_1_169' title='bbox 544 1597 678 1633; x_wconf 84' lang='lat' dir='ltr'>parere</span> <span class='ocrx_word' id='word_1_170' title='bbox 698 1584 846 1621; x_wconf 81' lang='lat' dir='ltr'>amicos</span> <span class='ocrx_word' id='word_1_171' title='bbox 867 1582 1036 1621; x_wconf 76' lang='lat' dir='ltr'>benfieio</span> <span class='ocrx_word' id='word_1_172' title='bbox 1058 1595 1156 1620; x_wconf 83' lang='lat' dir='ltr'>meo.</span> 
     </span>
    </p>

    <p class='ocr_par' dir='ltr' id='par_1_7' title="bbox 151 1646 1618 1955">
     <span class='ocr_line' id='line_1_24' title="bbox 151 1646 1618 1700; baseline -0.003 -14"><span class='ocrx_word' id='word_1_173' title='bbox 151 1659 218 1696; x_wconf 88' lang='lat'>150</span> <span class='ocrx_word' id='word_1_174' title='bbox 236 1646 275 1686; x_wconf 90' lang='lat' dir='ltr'>id</span> <span class='ocrx_word' id='word_1_175' title='bbox 295 1648 438 1686; x_wconf 64' lang='lat' dir='ltr'>amdbo</span> <span class='ocrx_word' id='word_1_176' title='bbox 457 1647 591 1686; x_wconf 77' lang='lat' dir='ltr'>adiuta</span> <span class='ocrx_word' id='word_1_177' title='bbox 611 1647 688 1695; x_wconf 78' lang='lat' dir='ltr'>me,</span> <span class='ocrx_word' id='word_1_178' title='bbox 709 1661 788 1698; x_wconf 87' lang='lat' dir='ltr'>quo</span> <span class='ocrx_word' id='word_1_179' title='bbox 809 1647 849 1686; x_wconf 94' lang='lat' dir='ltr'>id</span> <span class='ocrx_word' id='word_1_180' title='bbox 870 1648 936 1685; x_wconf 80' lang='lat' dir='ltr'>fiat</span> <span class='ocrx_word' id='word_1_181' title='bbox 955 1646 1128 1684; x_wconf 66' lang='lat' dir='ltr'>faieilius:</span> <span class='ocrx_word' id='word_1_182' title='bbox 1578 1665 1618 1700; x_wconf 87' lang='lat'>70</span> 
     </span>
     <span class='ocr_line' id='line_1_25' title="bbox 236 1710 1177 1762; baseline -0.001 -12"><span class='ocrx_word' id='word_1_183' title='bbox 236 1711 318 1750; x_wconf 87' lang='lat' dir='ltr'>sine</span> <span class='ocrx_word' id='word_1_184' title='bbox 339 1712 446 1750; x_wconf 75' lang='lat' dir='ltr'>ilhim</span> <span class='ocrx_word' id='word_1_185' title='bbox 469 1712 614 1762; x_wconf 76' lang='lat' dir='ltr'>priores</span> <span class='ocrx_word' id='word_1_186' title='bbox 635 1711 754 1762; x_wconf 69' lang='lat' dir='ltr'>pzirtis</span> <span class='ocrx_word' id='word_1_187' title='bbox 774 1713 894 1750; x_wconf 88' lang='lat' dir='ltr'>hosce</span> <span class='ocrx_word' id='word_1_188' title='bbox 913 1711 1074 1761; x_wconf 84' lang='lat' dir='ltr'>aliquod</span> <span class='ocrx_word' id='word_1_189' title='bbox 1094 1710 1177 1749; x_wconf 88' lang='lat' dir='ltr'>dies</span> 
     </span>
     <span class='ocr_line' id='line_1_26' title="bbox 234 1774 1349 1827; baseline -0.003 -11"><span class='ocrx_word' id='word_1_190' title='bbox 234 1778 340 1827; x_wconf 72' lang='lat' dir='ltr'>apud</span> <span class='ocrx_word' id='word_1_191' title='bbox 361 1790 423 1816; x_wconf 90' lang='lat' dir='ltr'>me</span> <span class='ocrx_word' id='word_1_192' title='bbox 443 1778 598 1816; x_wconf 82' lang='lat' dir='ltr'>habere.</span> <span class='ocrx_word' id='word_1_193' title='bbox 658 1778 712 1815; x_wconf 89' lang='lat' dir='ltr'>nss</span> <span class='ocrx_word' id='word_1_194' title='bbox 733 1777 976 1826; x_wconf 81' lang='lat' dir='ltr'>respondes?</span> <span class='ocrx_word' id='word_1_195' title='bbox 1030 1777 1123 1814; x_wconf 92' lang='grc' dir='ltr'>ΡΗ</span> <span class='ocrx_word' id='word_1_196' title='bbox 1155 1774 1349 1825; x_wconf 77' lang='lat' dir='ltr'>pessuma,</span> 
     </span>
     <span class='ocr_line' id='line_1_27' title="bbox 234 1840 1316 1891; baseline -0.003 -12"><span class='ocrx_word' id='word_1_197' title='bbox 234 1854 335 1890; x_wconf 86' lang='lat' dir='ltr'>egon</span> <span class='ocrx_word' id='word_1_198' title='bbox 355 1843 566 1891; x_wconf 82' lang='lat' dir='ltr'>quicquam</span> <span class='ocrx_word' id='word_1_199' title='bbox 588 1854 678 1879; x_wconf 85' lang='lat' dir='ltr'>cum</span> <span class='ocrx_word' id='word_1_200' title='bbox 701 1841 782 1879; x_wconf 85' lang='lat' dir='ltr'>istis</span> <span class='ocrx_word' id='word_1_201' title='bbox 806 1840 915 1879; x_wconf 50' lang='lat' dir='ltr'>factis</span> <span class='ocrx_word' id='word_1_202' title='bbox 936 1840 1007 1878; x_wconf 83' lang='lat' dir='ltr'>tibi</span> <span class='ocrx_word' id='word_1_203' title='bbox 1027 1840 1316 1890; x_wconf 78' lang='lat' dir='ltr'>respondeam?</span> 
     </span>
     <span class='ocr_line' id='line_1_28' title="bbox 232 1903 1316 1955; baseline -0.004 -11"><span class='ocrx_word' id='word_1_204' title='bbox 232 1907 320 1944; x_wconf 87' lang='grc' dir='ltr'>ΡΑ.</span> <span class='ocrx_word' id='word_1_205' title='bbox 353 1919 401 1944; x_wconf 92' lang='lat' dir='ltr'>eu</span> <span class='ocrx_word' id='word_1_206' title='bbox 421 1906 563 1953; x_wconf 78' lang='lat' dir='ltr'>noster,</span> <span class='ocrx_word' id='word_1_207' title='bbox 586 1907 728 1944; x_wconf 80' lang='lat' dir='ltr'>laudo:</span> <span class='ocrx_word' id='word_1_208' title='bbox 760 1906 919 1944; x_wconf 56' lang='lat' dir='ltr'>tandem</span> <span class='ocrx_word' id='word_1_209' title='bbox 940 1905 1157 1955; x_wconf 82' lang='lat' dir='ltr'>perdoluit:</span> <span class='ocrx_word' id='word_1_210' title='bbox 1186 1903 1245 1941; x_wconf 90' lang='lat' dir='ltr'>uir</span> <span class='ocrx_word' id='word_1_211' title='bbox 1265 1916 1316 1942; x_wconf 82' lang='lat' dir='ltr'>es.</span> 
     </span>
    </p>

    <p class='ocr_par' dir='ltr' id='par_1_8' title="bbox 151 1967 1614 2149">
     <span class='ocr_line' id='line_1_29' title="bbox 151 1967 1614 2022; baseline -0.003 -14"><span class='ocrx_word' id='word_1_212' title='bbox 151 1977 211 2015; x_wconf 83' lang='lat'>155</span> <span class='ocrx_word' id='word_1_213' title='bbox 233 1971 326 2008; x_wconf 90' lang='grc' dir='ltr'>ΡΗ</span> <span class='ocrx_word' id='word_1_214' title='bbox 357 1978 396 2008; x_wconf 82' lang='lat' dir='ltr'>at</span> <span class='ocrx_word' id='word_1_215' title='bbox 416 1970 488 2020; x_wconf 76' lang='lat' dir='ltr'>ego</span> <span class='ocrx_word' id='word_1_216' title='bbox 509 1970 710 2009; x_wconf 83' lang='lat' dir='ltr'>nescibam</span> <span class='ocrx_word' id='word_1_217' title='bbox 732 1971 919 2020; x_wconf 78' lang='lat' dir='ltr'>quorsum</span> <span class='ocrx_word' id='word_1_218' title='bbox 942 1976 983 2008; x_wconf 88' lang='lat' dir='ltr'>tu</span> <span class='ocrx_word' id='word_1_219' title='bbox 1005 1969 1100 2007; x_wconf 80' lang='lat' dir='ltr'>ires:</span> <span class='ocrx_word' id='word_1_220' title='bbox 1133 1971 1141 1988; x_wconf 93' lang='lat'>‘</span> <span class='ocrx_word' id='word_1_221' title='bbox 1154 1967 1315 2018; x_wconf 70' lang='lat' dir='ltr'>pziruola</span> <span class='ocrx_word' id='word_1_222' title='bbox 1575 1985 1614 2022; x_wconf 78' lang='lat'>75</span> 
     </span>
     <span class='ocr_line' id='line_1_30' title="bbox 233 2033 1117 2085; baseline 0.001 -14"><span class='ocrx_word' id='word_1_223' title='bbox 233 2033 325 2073; x_wconf 89' lang='lat' dir='ltr'>hinc</span> <span class='ocrx_word' id='word_1_224' title='bbox 346 2034 403 2073; x_wconf 77' lang='lat' dir='ltr'>est</span> <span class='ocrx_word' id='word_1_225' title='bbox 423 2035 583 2085; x_wconf 82' lang='lat' dir='ltr'>abrepta</span> <span class='ocrx_word' id='word_1_226' title='bbox 598 2050 607 2082; x_wconf 77' lang='lat'>3</span> <span class='ocrx_word' id='word_1_227' title='bbox 637 2034 769 2073; x_wconf 74' lang='lat' dir='ltr'>eduxit</span> <span class='ocrx_word' id='word_1_228' title='bbox 790 2042 913 2073; x_wconf 84' lang='lat' dir='ltr'>mater</span> <span class='ocrx_word' id='word_1_229' title='bbox 932 2035 1003 2085; x_wconf 80' lang='lat' dir='ltr'>pro</span> <span class='ocrx_word' id='word_1_230' title='bbox 1024 2047 1117 2081; x_wconf 79' lang='lat' dir='ltr'>sua3</span> 
     </span>
     <span class='ocr_line' id='line_1_31' title="bbox 234 2097 1287 2149; baseline -0.001 -13"><span class='ocrx_word' id='word_1_231' title='bbox 234 2112 342 2137; x_wconf 91' lang='lat' dir='ltr'>soror</span> <span class='ocrx_word' id='word_1_232' title='bbox 361 2100 501 2138; x_wconf 79' lang='lat' dir='ltr'>dictast</span> <span class='ocrx_word' id='word_1_233' title='bbox 516 2113 526 2147; x_wconf 81' lang='lat'>;</span> <span class='ocrx_word' id='word_1_234' title='bbox 555 2099 671 2149; x_wconf 89' lang='lat' dir='ltr'>cupio</span> <span class='ocrx_word' id='word_1_235' title='bbox 692 2099 902 2146; x_wconf 79' lang='lat' dir='ltr'>abducere,</span> <span class='ocrx_word' id='word_1_236' title='bbox 918 2106 960 2137; x_wconf 90' lang='lat' dir='ltr'>ut</span> <span class='ocrx_word' id='word_1_237' title='bbox 981 2098 1143 2137; x_wconf 50' lang='lat' dir='ltr'>reddam</span> <span class='ocrx_word' id='word_1_238' title='bbox 1164 2097 1242 2136; x_wconf 88' lang='lat' dir='ltr'>suis</span> <span class='ocrx_word' id='word_1_239' title='bbox 1256 2098 1287 2135; x_wconf 77' lang='lat' dir='ltr'>&#39;z</span> 
     </span>
    </p>
   </div>
   <div class='ocr_carea' id='block_1_3' title="bbox 233 2198 1555 2405">
    <p class='ocr_par' dir='ltr' id='par_1_9' title="bbox 233 2198 1555 2405">
     <span class='ocr_line' id='line_1_32' title="bbox 280 2198 1554 2241; baseline -0.002 -10"><span class='ocrx_word' id='word_1_240' title='bbox 280 2211 341 2240; x_wconf 90' lang='lat'>129</span> <span class='ocrx_word' id='word_1_241' title='bbox 363 2201 408 2232; x_wconf 85' lang='lat' dir='ltr'>sic</span> <span class='ocrx_word' id='word_1_242' title='bbox 421 2201 561 2241; x_wconf 57' lang='lat' dir='ltr'>singulis</span> <span class='ocrx_word' id='word_1_243' title='bbox 581 2201 728 2240; x_wconf 76' lang='lat' dir='ltr'>personis</span> <span class='ocrx_word' id='word_1_244' title='bbox 755 2200 814 2231; x_wconf 80' lang='lat' dir='ltr'>dat</span> <span class='ocrx_word' id='word_1_245' title='bbox 837 2200 988 2241; x_wconf 74' lang='lat' dir='ltr'>singulas</span> <span class='ocrx_word' id='word_1_246' title='bbox 1015 2200 1173 2231; x_wconf 78' lang='lat' dir='ltr'>orationes</span> <span class='ocrx_word' id='word_1_247' title='bbox 1199 2198 1390 2231; x_wconf 81' lang='lat' dir='ltr'>Fleckeisen:</span> <span class='ocrx_word' id='word_1_248' title='bbox 1410 2198 1554 2238; x_wconf 81' lang='lat' dir='ltr'>priorem</span> 
     </span>
     <span class='ocr_line' id='line_1_33' title="bbox 235 2241 1551 2284; baseline -0.002 -10"><span class='ocrx_word' id='word_1_249' title='bbox 235 2254 349 2274; x_wconf 84' lang='lat' dir='ltr'>uersus</span> <span class='ocrx_word' id='word_1_250' title='bbox 358 2247 488 2284; x_wconf 82' lang='lat' dir='ltr'>partem</span> <span class='ocrx_word' id='word_1_251' title='bbox 504 2243 684 2275; x_wconf 80' lang='lat' dir='ltr'>Phaedriae</span> <span class='ocrx_word' id='word_1_252' title='bbox 693 2244 903 2284; x_wconf 78' lang='lat' dir='ltr'>posteriorem</span> <span class='ocrx_word' id='word_1_253' title='bbox 919 2243 1126 2274; x_wconf 39' lang='lat' dir='ltr'>Parnrzenoni</span> <span class='ocrx_word' id='word_1_254' title='bbox 1139 2242 1280 2273; x_wconf 74' lang='lat' dir='ltr'>tm&#39;buont</span> <span class='ocrx_word' id='word_1_255' title='bbox 1295 2241 1382 2273; x_wconf 86' lang='lat' dir='ltr'>codd.</span> <span class='ocrx_word' id='word_1_256' title='bbox 1494 2251 1551 2280; x_wconf 78' lang='lat'>131</span> 
     </span>
     <span class='ocr_line' id='line_1_34' title="bbox 233 2285 1554 2326; baseline -0.002 -8"><span class='ocrx_word' id='word_1_257' title='bbox 233 2287 353 2326; x_wconf 90' lang='lat' dir='ltr'>quoius</span> <span class='ocrx_word' id='word_1_258' title='bbox 380 2287 571 2318; x_wconf 82' lang='lat' dir='ltr'>Fleckeisen:</span> <span class='ocrx_word' id='word_1_259' title='bbox 597 2287 669 2318; x_wconf 89' lang='lat' dir='ltr'>eius</span> <span class='ocrx_word' id='word_1_260' title='bbox 685 2286 773 2318; x_wconf 85' lang='lat' dir='ltr'>codd.</span> <span class='ocrx_word' id='word_1_261' title='bbox 933 2296 993 2326; x_wconf 88' lang='lat'>132</span> <span class='ocrx_word' id='word_1_262' title='bbox 1018 2297 1095 2318; x_wconf 88' lang='lat' dir='ltr'>esse</span> <span class='ocrx_word' id='word_1_263' title='bbox 1112 2285 1187 2316; x_wconf 83' lang='lat' dir='ltr'>add.</span> <span class='ocrx_word' id='word_1_264' title='bbox 1208 2285 1338 2324; x_wconf 77' lang='lat' dir='ltr'>Bentley</span> <span class='ocrx_word' id='word_1_265' title='bbox 1494 2295 1554 2323; x_wconf 83' lang='lat'>149</span> 
     </span>
     <span class='ocr_line' id='line_1_35' title="bbox 234 2327 1555 2368; baseline -0.002 -8"><span class='ocrx_word' id='word_1_266' title='bbox 234 2329 378 2361; x_wconf 86' lang='lat' dir='ltr'>benficio</span> <span class='ocrx_word' id='word_1_267' title='bbox 400 2329 591 2362; x_wconf 81' lang='lat' dir='ltr'>Fleckeisen:</span> <span class='ocrx_word' id='word_1_268' title='bbox 616 2330 782 2361; x_wconf 83' lang='lat' dir='ltr'>beneficio</span> <span class='ocrx_word' id='word_1_269' title='bbox 806 2328 893 2361; x_wconf 88' lang='lat' dir='ltr'>codd.</span> <span class='ocrx_word' id='word_1_270' title='bbox 1055 2338 1115 2368; x_wconf 87' lang='lat'>155</span> <span class='ocrx_word' id='word_1_271' title='bbox 1139 2333 1171 2360; x_wconf 92' lang='lat' dir='ltr'>at</span> <span class='ocrx_word' id='word_1_272' title='bbox 1187 2327 1256 2359; x_wconf 88' lang='lat' dir='ltr'>edd.</span> <span class='ocrx_word' id='word_1_273' title='bbox 1285 2331 1354 2360; x_wconf 75' lang='lat' dir='ltr'>ant.</span> <span class='ocrx_word' id='word_1_274' title='bbox 1379 2338 1453 2358; x_wconf 81' lang='lat' dir='ltr'>cum</span> <span class='ocrx_word' id='word_1_275' title='bbox 1473 2327 1501 2359; x_wconf 83' lang='lat' dir='ltr'><em>G</em></span> <span class='ocrx_word' id='word_1_276' title='bbox 1516 2338 1555 2358; x_wconf 77' lang='lat' dir='ltr'>ex</span> 
     </span>
     <span class='ocr_line' id='line_1_36' title="bbox 236 2372 753 2405; baseline 0.006 -3"><span class='ocrx_word' id='word_1_277' title='bbox 236 2383 297 2404; x_wconf 80' lang='lat' dir='ltr'>ras.</span> <span class='ocrx_word' id='word_1_278' title='bbox 317 2384 323 2403; x_wconf 79' lang='lat' dir='ltr'><em>z</em></span> <span class='ocrx_word' id='word_1_279' title='bbox 349 2374 427 2404; x_wconf 84' lang='lat' dir='ltr'>haut</span> <span class='ocrx_word' id='word_1_280' title='bbox 446 2373 496 2405; x_wconf 82' lang='lat' dir='ltr'>uel</span> <span class='ocrx_word' id='word_1_281' title='bbox 509 2378 566 2405; x_wconf 84' lang='lat' dir='ltr'>aut</span> <span class='ocrx_word' id='word_1_282' title='bbox 585 2372 671 2404; x_wconf 89' lang='lat' dir='ltr'>codd.</span> <span class='ocrx_word' id='word_1_283' title='bbox 689 2377 753 2405; x_wconf 78' lang='lat' dir='ltr'>cell.</span> 
     </span>
    </p>
   </div>
  </div>
 </body>
</html>
