1773 2750
782 133 1013 171 HECYRA
1519 134 1546 170 1.
1568 134 1596 169 ii

227 253 314 297 post
337 244 563 295 Pamphilus
586 258 648 283 me
669 245 794 282 solum
817 244 968 281 seducit
990 244 1092 280 foras

142 324 202 360 145
226 310 441 360 narratque,
465 317 506 348 ut
526 308 634 359 uirgo
654 308 705 346 ab
725 321 766 346 se
787 309 934 358 integra
954 307 1071 346 etiam
1093 310 1174 345 tum
1197 307 1278 354 sict,
1569 318 1608 353 70

226 389 346 425 seque
366 375 456 413 :inte
477 387 594 424 quam
616 386 701 412 eam
724 373 883 412 uxorem
905 371 1079 411 duxisset
1100 373 1277 419 domum,

226 441 399 492 sperasse
420 453 484 478 eas
505 438 667 478 tolerare
688 451 803 488 posse
824 438 990 488 nuptias.

228 507 318 544 ‘sed
339 504 458 555 quzim
479 502 668 543 decrerim
690 502 752 540 me
773 516 854 541 non
875 516 990 552 posse
1011 502 1157 541 diutius

225 569 379 616 habere,
403 582 489 607 eam
510 567 679 606 ludibrio
700 567 844 619 haberi,
870 568 1074 614 Parmeno,

142 645 202 681 151
225 648 354 684 neque
374 633 584 672 honestum
606 632 702 671 mihi
723 646 851 683 neque
872 632 966 671 utile
987 632 1059 683 ipsi
1080 632 1266 682 uirginist‚
1569 645 1609 686 76

143 713 207 748 150
226 699 320 749 quin
342 700 530 749 integram
552 697 687 737 itidem
709 697 882 744 reddam,
907 705 948 736 ut
968 697 1103 748 accepi
1123 698 1146 736 a
1166 697 1269 736 suis!
1571 709 1607 742 75

224 765 317 802 PH.
349 763 458 814 pium
479 763 523 802 ac
544 763 733 813 pudicum
755 762 955 813 ingenium
976 776 1106 801 narras
1128 762 1333 813 Pamphili.

224 830 309 867 ΡΑ.
346 830 442 867 ‘hoc
464 828 536 878 ego
558 829 727 879 proferre
747 827 1046 867 incommodum
1069 827 1122 866 mi
1143 841 1227 867 esse
1248 828 1412 867 arbitror
1431 843 1436 868 :

224 895 334 933 reddi
355 893 451 944 patri
473 901 616 940 autem,
640 894 733 943 quoi
754 900 793 931 tu
816 892 869 931 nil
890 893 997 932 dicas
1018 892 1099 940 uiti,

143 969 203 1006 155
224 959 484 1009 superbumst.
544 959 613 997 sed
635 958 738 996 illam
761 958 885 1008 spero,
908 957 975 996 ubi
996 959 1072 996 hoc
1092 958 1320 1008 cognouerit
1566 973 1607 1003 30

224 1038 303 1062 non
326 1025 440 1073 posse
461 1037 501 1062 se
522 1037 678 1062 mecum
699 1022 794 1070 esse,
816 1022 1008 1061 abituram
1031 1022 1226 1073 denique.'

222 1090 316 1127 PH
350 1088 474 1138 quid?
504 1087 650 1126 interea
672 1087 804 1126 ibatne
825 1089 876 1126 ad
899 1087 1172 1126 Bacchidem?
1227 1089 1317 1127 PA.
1348 1088 1519 1128 cottidie.

224 1155 293 1192 sed
314 1156 355 1191 ut
377 1154 428 1200 fit,
453 1160 663 1203 postquam
684 1153 790 1190 hunc
811 1153 981 1191 alienum
1001 1153 1052 1190 ab
1072 1152 1156 1191 sese
1177 1152 1296 1201 uidet,

224 1220 393 1269 maligna
414 1219 538 1256 multo
559 1225 597 1256 et
618 1216 740 1267 magis
760 1230 904 1267 procax
923 1218 1025 1255 sacta
1045 1217 1134 1256 ilico
1155 1224 1223 1256 est.

141 1285 207 1320 160
224 1284 313 1322 PH.
345 1296 426 1321 non
448 1282 589 1332 edepol
613 1281 765 1320 mirum.
820 1282 910 1320 PA.
936 1288 1054 1331 atque
1075 1281 1119 1320 ea
1139 1294 1199 1320 res
1220 1283 1344 1321 multo
1366 1283 1547 1322 maxume
1566 1295 1606 1335 85

224 1347 390 1386 diiunxit
412 1347 520 1385 illum
542 1347 592 1385 ab
614 1348 690 1394 illa,
711 1354 921 1397 postquam
942 1354 979 1385 et
1000 1348 1083 1397 ipse
1103 1360 1144 1385 se

222 1421 259 1450 et
281 1413 385 1450 illam
407 1419 445 1450 et
465 1413 567 1450 hanc
589 1425 690 1461 quae
711 1411 819 1450 domi
840 1418 920 1450 erat
941 1413 1126 1462 cognouit
1147 1411 1250 1450 satis.

224 1475 290 1529 [ad
311 1478 533 1526 exemplum
554 1476 758 1514 ambarum
780 1489 907 1515 mores
928 1489 1059 1514 earum
1081 1475 1337 1530 existimans]

222 1542 330 1588 haec,
354 1542 405 1579 ita
426 1540 481 1579 uti
501 1540 650 1580 liberali
671 1553 755 1579 esse
776 1540 933 1590 ingenio
953 1542 1077 1587 decet,

140 1609 202 1654 165
223 1605 375 1656 pudens
397 1607 585 1652 modesta,
609 1605 862 1644 incommoda
882 1613 1000 1656 atque
1021 1605 1177 1645 iniurias
1564 1629 1607 1661 90

222 1670 293 1709 uiri
314 1670 441 1709 omnis
463 1672 559 1709 ferre
581 1677 619 1708 et
640 1669 768 1721 tegere
789 1670 1058 1709 contumelias.

221 1735 284 1774 hie
304 1735 424 1774 :inimi
445 1735 585 1785 partim
608 1735 735 1774 uxoris
757 1735 1022 1775 misericordia

220 1800 439 1848 deuinctus,
463 1800 602 1851 partim
624 1801 751 1839 uictus
772 1800 888 1839 huius
910 1800 1058 1839 iniuriis

220 1864 407 1915 paulatim
428 1867 600 1915 elapsust
622 1864 810 1904 Bacchidi
830 1872 949 1915 atque
967 1867 1045 1904 huc
1066 1865 1260 1905 transtulit

136 1939 202 1975 170
219 1930 406 1977 amorem,
428 1938 637 1980 postquam
659 1930 727 1980 par
747 1930 948 1980 ingenium
970 1931 1107 1969 nactus
1128 1939 1196 1970 est.
1565 1952 1606 1986 95

219 1994 365 2033 interea
386 1994 425 2033 in
448 1995 583 2034 Imbro
605 1995 766 2034 moritur
787 1999 976 2045 cognatus
997 2009 1115 2035 senex

220 2060 370 2098 horunc
387 2076 393 2099 :
425 2074 470 2099 ea
490 2061 541 2099 ad
561 2061 633 2098 hos
654 2061 806 2100 redibat
827 2063 912 2111 lege
932 2061 1139 2100 hereditas.

219 2137 266 2162 eo
286 2124 484 2164 amantem
506 2124 674 2163 inuitum
697 2125 947 2175 Pamphilum
970 2128 1138 2165 extrudit
1157 2133 1276 2176 pater.

220 2189 400 2238 relinquit
421 2203 511 2227 cum
534 2197 654 2228 matre
676 2191 738 2228 hic
759 2204 919 2229 uxorem
935 2205 945 2238 ,·
974 2191 1065 2229 naim
1088 2205 1206 2230 senex

265 2302 334 2331 150y
352 2302 408 2331 151
434 2292 628 2323 Fleckeisen:
652 2293 779 2323 inuerso
796 2293 906 2324 ordine
920 2294 1064 2325 exhibent
1079 2294 1167 2325 codd.
1294 2295 1354 2325 160
1378 2299 1478 2333 atque
1497 2298 1539 2325 Σῑ

221 2336 310 2374 atqui
329 2335 361 2364 A
499 2338 557 2366 162
581 2337 879 2375 quaedemodierat
896 2338 928 2367 A
1067 2338 1126 2376 163
1146 2342 1267 2376 proscr.
1290 2336 1390 2376 Guyet
1482 2339 1538 2376 167

218 2378 318 2408 animi
335 2378 495 2409 D:1‘at2k0
511 2391 517 2410 :
541 2380 672 2410 animus
690 2380 779 2411 codd.
