1773 2750
743 120 1050 158 ADELPHOE
1508 122 1553 158 V.
1579 121 1654 158 viii

236 231 433 283 postremo
454 244 558 270 nunc
579 243 709 269 meum
732 230 827 268 illud
844 229 1008 267 uerbum
1030 229 1130 267 fa'cio
1146 231 1254 279 quod
1271 236 1323 276 tu,
1341 230 1474 273 Micio,

235 298 337 336 bene
351 296 388 336 e‘t
401 295 594 346 sapienter
606 294 701 333 dixti
717 294 868 333 dudum
886 309 892 331 ε
916 292 1077 331 ‘uitium
1098 307 1310 332 commune
1331 294 1556 341 omniumst,
1579 308 1620 340 30

235 362 344 413 quod
382 360 544 399 nimium
575 360 626 397 ad
665 372 745 397 rem
784 357 823 395 in
858 357 1016 396 senecta
1053 357 1191 396 attenti
1230 360 1409 397 stimus':
1458 359 1559 397 hane

448 425 641 463 maculam
663 424 734 462 nos
754 424 868 461 decet

148 504 213 541 955
235 492 422 540 ecftigere.
481 496 519 528 et
539 488 725 527 dictumst
746 487 837 526 uere
857 494 896 525 et
916 500 1051 537 reapse
1072 486 1155 526 fieri
1176 495 1339 537 oportet.
1390 488 1483 527 AE.
1507 489 1560 526 mi

447 556 577 604 pater!

233 620 318 657 Ml.
351 618 446 669 quid
476 618 605 655 isttic?
642 631 734 667 ager
762 615 919 655 dabitur
946 616 1119 666 Hegioni
1146 616 1471 667 qua'tndoquidem
1496 616 1560 655 hic

445 683 537 720 uolt.
595 682 687 720 AE.
719 681 883 731 gatideo.

232 749 330 786 DE.
346 760 451 785 nunc
464 749 505 785 tt'l
519 745 614 784 mihi
627 759 668 784 es
680 746 887 796 germanus
889 746 1025 794 frater
1036 745 1176 796 pc'triter
1187 745 1321 785 animo
1337 753 1374 785 et
1383 747 1555 797 corpore.

233 813 304 852 suo
324 811 397 850 sibi
417 810 548 862 gladio
570 812 675 850 hunc
696 810 838 862 ifigulo.
1576 825 1614 856 35

339 968 512 1006 SYRvs
593 968 790 1005 DEMEA
871 967 1047 1004 M1C1o
1122 967 1448 1003 AEscn1st
1573 964 1619 1001 ix

608 1066 640 1103 S
651 1065 688 1102 Y.
721 1065 922 1102 Faetumst
943 1063 1050 1112 quod
1071 1061 1225 1109 iussisti,
1251 1062 1411 1101 Demea.

232 1131 329 1167 DE.
361 1128 457 1178 frtigi
475 1130 635 1167 homo's.
676 1142 767 1179 ergo
789 1128 929 1178 e'depol
943 1127 1062 1166 hodie
1079 1127 1167 1166 mezi
1185 1126 1346 1177 quidem
1367 1127 1559 1166 sententia

145 1198 214 1242 960
232 1194 364 1233 itidico
377 1196 515 1244 Syrum
532 1193 613 1232 fieri
630 1207 714 1232 esse
727 1206 896 1243 aequom.
913 1193 1090 1231 liberum.
1122 1193 1208 1230 Ml.
1224 1191 1352 1230 istunc
1365 1193 1530 1231 liberum
1544 1195 1560 1230 ?

231 1259 339 1308 quod
359 1272 450 1297 nam
471 1258 524 1296 ob
539 1259 715 1296 factum?
769 1259 866 1296 DE.
891 1258 1022 1295 nnilta.
1093 1258 1126 1296 S
1136 1258 1174 1294 Y.
1197 1270 1221 1295 o
1241 1264 1374 1295 noster
1395 1256 1555 1304 Demea,

444 1323 586 1372 edepol
606 1324 664 1361 u1'r
684 1322 822 1361 bonu's
840 1325 846 1360 !

231 1388 303 1439 ego
323 1388 416 1426 istos
437 1387 551 1426 uobis
572 1391 695 1438 dsque
714 1401 737 1426 a
757 1386 886 1438 pueris
907 1386 1039 1425 etiraui
1059 1387 1198 1425 ambos
1219 1386 1380 1426 sedulo:
1575 1402 1592 1433 5

230 1452 359 1500 docui,
382 1451 528 1499 monui,
551 1452 653 1491 bene
673 1451 853 1503 praecepi
873 1451 1026 1502 semper
1046 1465 1146 1501 quae
1173 1451 1283 1501 potui
1304 1451 1446 1491 omnia.

230 1519 327 1556 DE.
359 1517 418 1556 res
437 1524 607 1567 apparet.
649 1516 833 1567 equidem
854 1530 969 1567 porro
985 1517 1092 1564 haec,
1111 1516 1305 1556 6bsonare
1325 1519 1415 1555 etim
1437 1518 1523 1564 fide,

143 1586 208 1630 965
230 1583 401 1621 scortum
421 1583 627 1628 adducere,
650 1581 836 1631 aidparare
856 1581 906 1620 de
927 1581 990 1620 die
1011 1580 1239 1620 conuiuium
1257 1596 1263 1619 :

229 1647 308 1686 non
337 1646 542 1685 mediocris
572 1645 743 1685 hominis
773 1647 870 1685 haec
899 1653 990 1684 sunt
1020 1645 1157 1685 officia.
1217 1647 1298 1685 SV.
1329 1660 1354 1684 o
1380 1645 1555 1697 lepidtim

442 1718 559 1761 caput
576 1714 582 1748 ἕ

228 1777 325 1814 DE.
349 1776 547 1826 po'stremo
567 1775 686 1815 hodie
702 1775 741 1814 in
758 1775 915 1826 psailtria
935 1774 1007 1814 ista
1022 1776 1196 1815 emtinda
1215 1775 1279 1814 hie
1298 1775 1454 1815 adiutor
1469 1776 1551 1824 fuit,
1575 1792 1614 1814 10

228 1841 291 1879 h1'c
311 1840 484 1879 curauit:
514 1841 700 1891 prodesse
720 1848 950 1891 aequomst:
980 1840 1044 1878 gilii
1065 1840 1245 1880 meliore's
1266 1848 1388 1879 erunt.

227 1905 399 1956 de'nique
419 1905 483 1944 hie
503 1907 586 1944 uolt
605 1905 698 1944 fieri.
762 1907 847 1944 Ml.
881 1905 948 1944 uin
976 1913 1017 1944 tu
1042 1906 1118 1944 hoe
1138 1906 1253 1944 fieri?
1297 1906 1391 1944 AE.
1423 1906 1550 1957 cupio.

442 1972 526 2009 Ml.
559 1972 591 2009 ss
611 1971 771 2021 quidem

143 2049 211 2085 970
229 2039 270 2074 tti
291 2035 371 2075 uis:
403 2038 504 2086 Syre,
527 2038 603 2075 eho
623 2038 768 2076 acce'de
789 2038 865 2075 huc
885 2038 936 2075 ad
961 2050 1047 2075 me:
1077 2037 1174 2076 liber
1193 2045 1287 2076 esto.
1348 2039 1380 2076 S
1391 2039 1429 2076 Y.
1453 2037 1553 2076 bene

441 2100 545 2139 facis.

271 2212 334 2241 952
360 2212 447 2233 nunc
464 2202 641 2233 Pamm'm
668 2213 735 2234 non
751 2202 839 2234 codd.
1005 2213 1069 2243 955
1094 2208 1128 2234 et
1147 2203 1307 2234 dictumst
1324 2202 1408 2234 DG:
1434 2208 1467 2234 et
1485 2215 1548 2236 om.

229 2248 292 2276 cett.
412 2247 477 2286 956
500 2246 673 2277 Fleckeisen
689 2258 696 2277 :
719 2246 804 2277 istuc
829 2249 874 2278 2:
900 2247 974 2278 istie
993 2247 1078 2288 uolg.
1200 2256 1262 2286 957
1288 2247 1368 2277 mihi
1385 2258 1422 2278 es
1437 2248 1530 2279 EFG
1546 2260 1552 2279 ;

229 2299 266 2318 es
290 2288 368 2319 mihi
393 2293 457 2320 cett.
556 2290 660 2320 frater
683 2290 742 2321 ins.
761 2289 935 2321 Fleckeisen
1066 2292 1131 2329 958
1155 2290 1233 2321 iusti
1256 2290 1351 2321 DEG
1488 2293 1548 2331 961

229 2332 337 2361 bonus
355 2331 476 2362 C¹FP1
502 2333 610 2363 bonus
627 2343 663 2363 es
682 2333 723 2363 C2
847 2335 910 2372 964
936 2334 1091 2372 equidem
1107 2334 1239 2374 scripsi:
1263 2339 1296 2364 et
1312 2334 1445 2373 quidem
1462 2334 1547 2365 codd.

228 2376 289 2413 967
315 2375 396 2405 istac
413 2379 437 2405 Σ
