1773 2750
772 104 1039 142 PHORMIO
1487 106 1560 142 III.

444 218 740 253 PHAEDRIA
849 215 1110 251 ANTIPHO
1221 216 1369 252 GETA

247 304 340 341 PH.
363 302 471 350 Quid
488 301 655 340 faciam?
684 301 790 339 unde
805 313 878 350 ego
894 301 1000 338 minc
1013 307 1092 338 tam
1109 298 1240 338 subito
1257 299 1348 338 huic
1364 301 1566 351 argentum

460 365 657 404 inuenizim
679 363 804 411 miser,

162 446 225 483 535
246 432 339 481 quoi
360 429 488 468 minus
508 429 699 468 nihilost?
727 429 844 479 qudd,
867 428 931 467 hic
952 428 984 467 si
1004 436 1096 479 pote
1116 429 1251 468 fuisset
1271 429 1461 469 exordrier

246 496 415 534 triduom
436 495 522 541 hoc,
546 494 780 544 promissum
801 494 934 532 fuerat.
993 494 1089 532 AN.
1122 494 1226 533 itane
1241 495 1348 532 hunc
1363 493 1565 545 patiemur,

458 561 568 605 Geta,

244 623 326 663 fieri
348 622 542 670 miserum,
565 624 632 674 qui
652 636 715 662 me
736 623 888 662 dudum
909 629 951 661 ut
971 621 1067 662 dixti
1087 621 1229 662 adiurit
1250 622 1440 662 cdmiter?

243 690 347 738 quin,
366 701 487 738 quom
504 696 630 738 opust,
646 687 883 728 beneficium
900 701 1051 726 rursum
1069 692 1104 726 e'1'
1120 687 1362 737 experiemur
1377 687 1568 727 reddere?

246 755 336 794 GE.
369 754 450 792 scio
470 753 655 803 equidem
677 755 754 792 hoc
774 766 858 791 esse
878 750 1058 803 aequom.
1117 754 1214 791 AN.
1245 766 1316 803 age
1337 766 1441 803 ergo,
1463 753 1567 791 sdlus

455 831 608 857 seruare
628 819 734 856 hunc
754 825 877 868 potes.

158 894 224 931 540
247 883 337 922 GE.
369 883 465 932 quid
481 882 651 920 faciam?
704 884 801 921 AN.
834 880 1011 921 inuenitis
1024 888 1238 932 argentum.
1303 883 1393 921 GE.
1426 881 1543 932 cupio
1559 895 1568 929 3

455 948 525 986 sed
546 947 585 986 id
606 948 711 986 unde
733 945 866 987 edoce.

241 1013 335 1051 AN.
367 1011 475 1062 pitter
489 1013 600 1050 adest
616 1011 690 1050 hic.
754 1013 845 1051 GE.
877 1013 982 1057 sci03
1013 1012 1081 1051 sed
1096 1010 1191 1062 quid
1208 1013 1321 1050 tum?
1376 1012 1472 1050 AN.
1503 1012 1564 1057 ab,

453 1077 602 1116 dictum
625 1076 790 1126 sapienti
811 1083 869 1115 sat
891 1085 959 1115 est.

245 1143 335 1182 GE.
367 1142 471 1180 itane
483 1142 570 1180 ais?
617 1143 712 1180 AN.
743 1141 805 1179 ita.
860 1143 950 1181 GE.
974 1154 1067 1180 sanc
1082 1141 1210 1180 hercle
1226 1141 1388 1191 pulchre
1402 1140 1542 1180 suades
1560 1157 1565 1179 :

454 1205 570 1245 etiam
592 1214 638 1244 tuv
654 1207 744 1244 hinc
765 1205 879 1244 abis?

241 1271 319 1310 nc'm
341 1271 549 1321 triumpho,
569 1284 614 1309 ex
635 1270 780 1321 nuptiis
801 1270 876 1309 tuis
897 1272 929 1309 si
949 1270 1002 1308 nil
1023 1269 1228 1309 nanciscdr
1248 1269 1350 1317 mali,

242 1336 280 1374 ni
315 1335 431 1375 etiam
467 1350 571 1374 nunc
606 1350 669 1374 me
700 1336 815 1375 huius
850 1338 967 1375 causa
997 1349 1183 1386 quaerere
1214 1337 1254 1374 in
1287 1337 1390 1374 malo
1430 1334 1566 1374 iubetis

455 1414 610 1439 crucem
624 1403 641 1439 ?

156 1477 218 1514 545
240 1466 335 1504 AN.
368 1463 503 1503 ue'rum
524 1464 587 1503 hic
608 1464 713 1504 dicit.
772 1466 864 1503 PH.
898 1465 1024 1515 quid?
1053 1478 1125 1515 ego
1141 1464 1267 1512 uobis,
1287 1464 1398 1512 Geta,
1416 1464 1566 1504 alienus

454 1531 573 1568 sum?
633 1531 724 1569 GE.
756 1531 863 1568 haud
883 1537 1004 1580 put03

239 1594 308 1634 sed
329 1608 465 1645 parum
486 1602 544 1633 est
564 1596 673 1645 quod
694 1594 878 1633 &mnibus
899 1608 1005 1633 nunc
1026 1594 1140 1633 ndbis
1161 1594 1362 1633 suscenset
1385 1608 1513 1641 senex,

240 1659 279 1697 ni
301 1659 527 1710 instigemus
548 1659 676 1707 etiam,
699 1667 742 1698 ut
762 1661 892 1698 nullus
912 1660 1022 1698 ldcus
1043 1659 1282 1709 relinquatur
1302 1659 1436 1709 preci?

238 1725 331 1763 PH.
374 1724 471 1763 cilius
490 1725 541 1763 ab
562 1726 685 1764 oculis
706 1724 802 1763 meis
824 1724 929 1762 illam
950 1724 990 1762 in
1012 1725 1188 1775 ignotum
1215 1723 1385 1764 abducet
1406 1726 1567 1764 locum?

453 1791 567 1828 hem:

239 1860 322 1892 turn
357 1853 488 1957 ι’ςίωῖἐ
512 1855 608 1893 dum
642 1852 732 1893 licet
767 1855 942 1904 dumque
973 1855 1124 1901 adsum,
1157 1853 1364 1905 ldquimini
1396 1868 1563 1902 mecum,

492 1919 641 1970 ntiph0‚

154 1997 220 2034 550
238 1982 562 2034 cc'mtemplamini
593 1997 666 2022 me.
736 1985 831 2022 AN.
875 1997 993 2034 quam
1025 1983 1078 2022 ob
1109 1985 1220 2022 rem?
1261 1990 1327 2022 aut
1354 1984 1449 2034 quid
1474 1997 1565 2022 nam

451 2050 663 2087 factunj’s?
701 2049 813 2087 cedo.

237 2113 331 2150 PH.
363 2113 525 2163 qudquo
545 2113 638 2151 hinc
657 2112 919 2163 asportzibitur
939 2112 1136 2160 terrenum,
1159 2120 1345 2151 certumst
1365 2111 1546 2163 persequi

237 2179 304 2215 aut
325 2177 459 2228 perire.
522 2179 613 2218 GE.
645 2178 686 2216 di
706 2177 808 2216 bene
828 2183 986 2217 uortant
1006 2177 1115 2227 qu6d
1134 2190 1225 2228 agas
1243 2180 1249 2215 1
1279 2178 1563 2228 pedetemptim

453 2250 596 2282 tamen.

285 2354 346 2384 537
371 2345 492 2376 adiurit
517 2346 648 2385 Bentley
670 2346 734 2377 coll.
762 2346 920 2377 Enniano
944 2347 997 2376 illo
1013 2348 1020 2362 ‘
1034 2358 1053 2377 o
1071 2347 1147 2377 Tite
1170 2347 1197 2376 si
1215 2346 1294 2385 quid
1313 2357 1377 2386 ego
1402 2346 1538 2378 adiuro’
1557 2359 1563 2376 :

242 2388 407 2418 adiuuerit
429 2389 480 2418 uel
494 2389 635 2421 adiuerit
653 2389 740 2420 codd.
886 2390 949 2429 538
972 2390 1015 2420 st‘c
1031 2389 1063 2419 A
1081 2401 1086 2419 :
1113 2390 1328 2429 experiamur
1345 2393 1368 2421 Σ
1500 2400 1562 2429 542

209 2459 212 2462 .
242 2432 291 2461 ais
307 2431 382 2462 add.
403 2432 533 2470 Bentley
629 2434 692 2471 546
715 2442 830 2471 parum
848 2439 899 2463 cst
915 2433 1048 2473 scrspsiz
1073 2442 1233 2473 parumne
1251 2438 1302 2464 est
1319 2433 1407 2464 codd.

1584 105 1627 141 iii

1584 230 1627 266 iii

1587 700 1604 731 5

1589 1291 1625 1313 10

1588 1740 1624 1771 15
