1773 2750
115 125 167 161 ΙΙ.

154 248 171 278 5

134 632 172 654 10

138 1729 177 1751 20

189 124 234 160 iii
612 124 650 159 P.
683 122 935 159 TERENTI
967 122 1098 158 AFRI

192 247 217 271 o
238 234 376 272 faeiem
397 234 600 283 pulchram
621 235 627 270 !
658 232 772 270 deleo
788 231 916 270 omnis
932 233 1076 270 dehinc
1092 244 1139 269 ex
1158 231 1292 270 animo
1313 232 1515 270 mtilieres:

191 297 322 336 taedet
355 297 657 336 cottidianarum
687 297 824 334 harum
856 296 1078 333 formarum.
1137 296 1224 332 ΡΑ.
1268 308 1360 333 eece
1385 303 1516 334 autem

403 362 566 399 alterurn
584 364 591 398 l

190 424 324 464 nescio
344 425 440 475 quid
460 426 510 464 de
529 425 663 463 amore
683 423 877 474 loquitur:
907 436 932 461 o
952 424 1236 461 infortunatam
1256 436 1390 461 senem
1411 427 1417 461 !

190 489 254 527 hie
274 489 415 536 uerost,
439 488 505 538 qui
526 488 557 526 si
578 487 785 537 occeperit,

190 554 329 591 ludtim
349 552 561 602 iocumque
581 553 685 590 dicet
705 551 823 590 fuisse
842 551 952 590 illum
972 551 1149 598 alterum,
1538 566 1606 601 300

190 623 328 666 praeut
347 616 464 655 hriius
483 616 611 655 rabies
630 615 731 666 quae
752 615 872 654 dabit.

196 683 284 720 CH.
316 688 358 719 ut
391 680 501 719 illam
535 680 576 719 di
607 682 784 729 deaeque
814 679 966 718 se'nium
997 680 1174 729 perdant,
1207 682 1274 729 qui
1304 694 1366 718 me
1395 680 1515 718 hodie

405 745 620 783 remoratus
641 751 699 782 est
715 758 726 792 3

192 821 335 859 meque
365 809 476 856 adeo,
510 808 578 858 qui
609 807 813 847 restiterim
829 822 840 855 3
885 815 976 846 tum·
1003 816 1135 846 autem
1167 809 1233 857 qui
1266 810 1374 847 illum
1405 809 1518 847 flocci

406 872 575 911 fecerim.

192 937 262 976 sed
292 950 429 976 eccum
460 936 758 975 Parmenonem.
818 937 936 974 salue.
993 938 1082 974 ΡΑ.
1105 938 1201 985 quid
1231 944 1273 974 tu
1303 950 1343 974 es
1370 937 1519 975 tristis?

407 1002 554 1051 quidue
575 1014 616 1039 es
636 1000 804 1040 alacris?
1285 1003 1290 1008 '

193 1067 300 1103 finde
332 1065 397 1103 is?
457 1067 546 1104 CH.
591 1067 748 1114 egone?
786 1064 921 1102 nescio
954 1065 1095 1110 hercle,
1128 1064 1258 1114 neque
1292 1066 1399 1103 unde
1432 1079 1518 1103 eam
1540 1074 1603 1110 305

408 1142 538 1179 neque
558 1130 745 1178 quorsum
765 1142 851 1167 eam
871 1143 878 1167 :

195 1194 248 1232 ita
267 1194 447 1243 prorsum
467 1194 612 1232 oblitus
633 1196 720 1231 stim
742 1192 829 1231 mei.

194 1259 282 1296 ΡΑ.
327 1258 394 1307 qui
435 1257 610 1308 quaeso?
682 1258 771 1296 CH.
811 1270 914 1296 amo.
971 1259 1058 1296 ΡΑ.
1102 1258 1205 1295 hem.
1268 1258 1356 1296 CH.
1402 1271 1518 1304 nunc,

410 1322 614 1368 Parmeno,
638 1326 678 1358 m
700 1321 884 1360 ostendes
904 1328 943 1359 te
963 1321 1031 1371 qui
1050 1323 1109 1359 u1'r
1129 1321 1215 1359 sies.

194 1386 270 1424 scis
290 1386 327 1424 te'
349 1386 445 1424 mihi
466 1399 582 1435 saepe
603 1385 821 1435 pollicitum
842 1398 927 1423 esse
949 1388 958 1405 ‘
972 1385 1159 1432 Chaerea,
1181 1385 1331 1435 aliquid
1350 1386 1483 1424 inueni

194 1451 317 1489 modo
336 1451 446 1500 quod
465 1464 572 1488 ames
592 1465 598 1487 :
629 1450 669 1487 in
699 1463 745 1488 ea
768 1463 809 1487 re
833 1449 1040 1488 titilitatem
1061 1463 1134 1499 ego
1154 1450 1295 1487 faciam
1316 1457 1358 1488 ut
1378 1463 1520 1500 cogno-

409 1515 494 1553 scas
514 1515 668 1561 meam‚'
1379 1502 1382 1505 Ι

195 1592 318 1629 quom
337 1579 377 1617 in
398 1578 579 1618 ce'llulam
608 1579 659 1617 ad
687 1586 726 1617 te
755 1577 873 1629 patris
902 1591 1049 1628 penum
1073 1591 1234 1616 omnem
1258 1578 1519 1628 congerebam
1541 1592 1608 1627 310

409 1643 642 1681 clanculum.

195 1710 283 1746 ΡΑ.
327 1721 410 1758 age,
432 1706 575 1757 ine'pte.
638 1708 726 1746 CH.
758 1708 835 1745 hoc
855 1708 985 1745 hercle
1005 1707 1197 1745 factumst.
1258 1708 1317 1744 fac
1339 1706 1390 1745 sis
1414 1708 1521 1744 minc

410 1771 601 1821 promissa
620 1771 833 1821 adpareant
851 1786 857 1809 :

196 1836 251 1875 sic
270 1837 371 1875 a'deo
391 1836 509 1886 digna
528 1835 616 1882 rest,
638 1834 706 1873 ubi
726 1843 768 1873 tu
789 1835 931 1874 ne'ruos
951 1835 1132 1874 intendas
1152 1842 1251 1874 tuos.

195 1902 303 1939 haud
319 1900 453 1938 similis
467 1899 613 1950 uirgost
629 1899 824 1949 uirginum
841 1899 1071 1946 nostrarum,
1087 1912 1183 1949 quas
1199 1899 1341 1938 matre's
1362 1899 1520 1938 student

196 1963 376 2003 demissis
397 1963 540 2003 umeris
561 1964 657 2011 esse,
679 1963 815 2002 uincto
834 1962 1005 2013 pectore,
1027 1970 1069 2001 ut
1089 1963 1253 2013 gracilae
1274 1963 1384 2001 sient.

240 2077 304 2107 300
326 2067 381 2099 A:
407 2067 500 2098 dices
531 2071 554 2098 Σ
573 2078 579 2096 :
605 2067 695 2097 dicat
710 2066 841 2105 Bentley
981 2076 1045 2105 302
1069 2066 1200 2096 senium
1225 2076 1300 2096 cum
1317 2065 1350 2095 A
1368 2064 1492 2097 Donat.
1513 2078 1519 2097 τ

197 2121 315 2142 senem
340 2120 457 2141 omnes
488 2109 543 2141 uel
571 2119 689 2140 omnes
720 2112 894 2141 senemE:
930 2109 1016 2140 unde
1039 2108 1171 2148 Bentley
1198 2113 1233 2139 ut
1258 2108 1350 2139 illum
1375 2109 1408 2139 di
1436 2109 1520 2139 deae

199 2164 316 2186 omnes
332 2154 462 2184 senium
480 2154 624 2192 perdant
639 2153 697 2191 qui
713 2153 815 2183 hodie
832 2162 885 2182 me
896 2150 1074 2183 remoratu'
1091 2152 1135 2182 sit
1280 2161 1345 2190 303
1367 2151 1461 2183 A22:
1488 2153 1518 2182 ei

198 2197 382 2229 restiterim
412 2197 460 2235 A,
491 2196 578 2226 unde
603 2196 707 2226 elicuit
732 2196 808 2234 quei
839 2194 981 2236 Spengel
1058 2204 1062 2207 ⁴
1118 2204 1182 2233 307
1205 2195 1250 2225 sic
1275 2198 1348 2233 post
1374 2195 1522 2226 Thomas

199 2241 397 2271 Fleckeisen:
420 2245 454 2270 te
471 2239 637 2270 Parmeno
661 2239 821 2268 ostendes
843 2238 895 2268 uel
913 2239 1080 2268 Parmeno
1105 2242 1138 2268 te
1162 2238 1324 2268 ostendes
1347 2237 1435 2268 codd.
1454 2248 1460 2267 :
1486 2243 1519 2267 te

201 2284 392 2314 ostenderis
416 2281 545 2322 Bentley
683 2291 747 2320 312
771 2280 965 2311 Fleckeisen:
988 2281 1016 2311 si
1040 2291 1113 2310 cun:
1138 2279 1226 2311 codd.
1252 2279 1412 2310 Seruius:
1446 2281 1519 2310 siue

199 2325 344 2357 Dorum:
370 2326 453 2356 haec
478 2325 633 2356 Braune:
666 2327 803 2355 ceterum
829 2327 904 2354 ante
934 2324 962 2354 si
989 2323 1210 2354 Parmenonis
1235 2326 1349 2354 notam
1376 2323 1523 2354 exhibent

199 2368 287 2399 codd.
