1773 2750
756 97 1077 136 PRAEFATIO

253 205 289 236 et
312 198 574 237 correctiones
595 198 634 236 in
655 205 805 237 textum
826 199 969 238 inserui
991 213 1039 239 eo
1061 201 1211 239 minore
1232 199 1479 239 dubitatione
1499 213 1579 250 quo

252 263 348 300 mihi
375 276 603 312 persuasum
631 271 689 302 est
710 263 885 303 librarios
915 266 965 303 de
995 278 1034 304 re
1065 265 1225 304 metrica
1254 266 1484 315 perpaulum
1513 273 1581 302 aut

253 328 306 365 nil
336 327 500 366 omnino
529 327 690 366 sciuisse
719 335 785 366 aut
811 341 980 377 curasse,
1000 337 1038 367 et
1067 343 1183 379 saepe
1213 329 1341 368 ordini
1370 329 1579 367 uerborum

251 393 468 431 cottidiano
496 392 738 431 consulentis
767 394 992 442 rhythmum
1020 402 1058 432 et
1085 402 1252 432 metrum
1274 401 1312 432 et
1332 393 1456 444 ipsam
1477 407 1582 444 pros-

250 457 382 496 odiam
404 470 562 507 pessum
583 457 740 496 dedisse
752 456 775 495 ¹.

307 523 447 560 Nouae
477 521 661 560 editionis
688 522 849 560 Terenti
880 529 917 560 et
947 522 1066 561 debet
1096 536 1180 561 esse
1208 530 1245 562 et
1266 523 1333 562 diu
1355 523 1424 562 erit
1446 524 1582 562 funda-

250 594 427 625 mentum
467 594 674 636 apparatus
714 586 869 625 criticus
909 600 1026 636 quem
1063 587 1346 637 Umpfenbach
1387 587 1579 638 (Berolini

259 651 374 702 1887)
412 651 632 689 admirabili
671 651 872 701 diligentia
910 651 1117 701 congessit.
1197 653 1306 691 Hinc
1350 653 1584 702 desumptae

253 724 343 754 sunt
373 715 556 754 codicum
586 717 774 754 lectiones
795 729 934 754 omnes
962 717 1001 753 in
1029 717 1103 753 hac
1129 716 1304 755 editione
1332 724 1582 763 memoratae,

253 789 290 820 et
325 781 416 819 huic
455 788 657 830 acceptam
698 782 821 819 refero
856 793 1039 830 magnam
1073 788 1224 830 partem
1259 781 1583 820 emendationum

254 860 350 896 quas
380 847 418 883 in
449 845 595 884 notulis
624 846 764 884 rettuli.
836 847 882 883 In
913 845 1186 895 orthographia
1216 853 1258 883 ut
1288 847 1327 883 in
1355 846 1439 884 aliis
1469 846 1584 884 rebus

255 910 494 949 Bembinum
517 923 635 960 quam
663 910 838 960 proxime
867 918 1025 948 secutus
1053 923 1153 957 sum,
1174 911 1285 948 cuius
1311 910 1468 948 librario
1487 913 1589 960 quod

255 977 412 1025 aliquod
428 988 498 1025 pro
518 980 610 1024 quot
626 976 774 1024 aliquot
798 975 983 1013 scribenti
1014 982 1054 1012 ut
1084 988 1234 1013 morem
1264 974 1365 1024 gessi
1392 974 1445 1013 ita
1467 987 1493 1012 K
1515 989 1585 1025 pro

256 1054 284 1079 H
306 1054 460 1090 semper
489 1039 741 1078 exhibentem
769 1053 850 1077 non
877 1040 999 1078 modo
1020 1039 1159 1077 imitari
1181 1039 1289 1078 nolui
1310 1053 1445 1079 uerum
1467 1040 1584 1078 etiam

255 1108 357 1144 hanc
386 1104 598 1155 scripturae
627 1104 920 1154 peruersitatem
956 1103 995 1141 in
1026 1104 1261 1142 lectionibus
1292 1104 1476 1143 Bembini
1511 1117 1587 1142 me-

256 1170 455 1209 morandis
477 1169 624 1219 ubique
644 1169 802 1207 correxi.
851 1170 994 1218 Neque
1011 1168 1126 1207 etiam
1144 1176 1291 1207 ceteras
1307 1169 1423 1207 huius
1439 1168 1587 1207 codicis

256 1235 521 1286 proprietates,
538 1230 689 1272 litteras
711 1234 920 1283 quadratas
941 1241 979 1271 et
1000 1235 1217 1271 orationem
1242 1233 1326 1272 sine
1354 1235 1432 1272 ulla
1460 1235 1587 1283 singu-

256 1301 381 1338 lorum
412 1299 698 1338 uocabulorum
732 1298 986 1337 distinctione
1020 1297 1302 1345 continuatam,
1334 1298 1518 1336 exhibere
1548 1297 1587 1336 in

257 1365 360 1403 notis
381 1364 477 1402 mihi
498 1364 656 1414 placuit.

312 1429 570 1469 Coniecturas
609 1428 750 1467 admisi
787 1428 952 1466 aliorum
987 1440 1083 1476 rarO,
1116 1442 1222 1467 meas
1256 1427 1376 1478 ipsius
1410 1441 1588 1478 perraro:

258 1496 327 1534 sed
357 1493 592 1533 coniecturis
619 1507 700 1533 non
726 1495 946 1532 adnumero
973 1495 1081 1531 locos
1102 1493 1168 1532 ubi
1190 1492 1357 1542 simplici
1377 1493 1587 1532 uerborum

258 1559 513 1598 translatione
553 1566 678 1597 metro
716 1567 782 1597 aut
821 1560 1004 1608 rhythmo
1043 1558 1276 1608 opitulatum
1317 1567 1480 1597 uentum
1519 1567 1588 1606 est,

258 1632 324 1662 aut
358 1623 426 1662 ubi
460 1624 557 1662 leuis
592 1624 894 1674 orthographiae
929 1623 1234 1671 immutationes,
1266 1624 1373 1662 uelut
1407 1630 1485 1661 rest
1519 1637 1590 1674 pro

260 1702 317 1727 res
335 1695 390 1726 est
408 1696 446 1727 et
467 1696 596 1739 reapse
612 1702 682 1739 pro
699 1703 739 1726 re
753 1690 847 1739 ipsa,
863 1688 903 1726 in
925 1696 1073 1727 textum
1095 1688 1235 1738 recepi,
1249 1696 1316 1727 aut
1336 1688 1404 1727 ubi
1424 1690 1590 1738 equidem

260 1767 330 1803 pro
349 1755 499 1802 quidem
519 1752 679 1800 restitui,
702 1753 768 1803 qui
789 1766 893 1791 error
914 1766 994 1791 non
1014 1767 1113 1801 raro,
1134 1752 1314 1802 quamuis
1336 1760 1461 1791 metro
1481 1754 1592 1791 refra-

259 1827 387 1868 gante,
409 1818 448 1856 in
471 1826 620 1857 textum
642 1831 683 1856 se
704 1817 928 1865 insinuauit‚
951 1817 1221 1868 ignorantibus
1251 1817 1399 1856 scilicet
1428 1817 1591 1857 librariis

263 1885 428 1933 eqm'dem
449 1897 538 1921 curn
562 1884 736 1921 secunda
757 1884 820 1922 uel
842 1883 952 1922 tertia
973 1896 1140 1933 persona
1160 1895 1276 1932 posse
1296 1883 1494 1933 coniungi.

317 1947 502 1998 Denique
521 1949 698 1998 agendae
711 1956 801 1986 sunt
821 1956 947 1998 grates
964 1961 1054 1986 cum
1071 1950 1156 1986 uiro
1171 1949 1291 1986 docto
1307 1961 1353 1986 ac
1368 1947 1471 1986 comi
1485 1955 1593 1998 typo-

259 2014 417 2063 graphei
433 2014 630 2062 praefecto
643 2021 725 2051 tum
744 2014 930 2063 conlegae
944 2026 1034 2052 meo
1047 2012 1371 2051 coniunctissimo
1386 2014 1593 2051 Ludouico

264 2080 403 2116 Purser
431 2079 542 2116 cuius
573 2092 715 2128 operae
750 2078 789 2116 in
826 2078 982 2117 schedis
1015 2077 1266 2116 recensendis
1297 2077 1466 2127 benigne
1496 2077 1591 2115 mihi

264 2144 378 2182 datae
399 2144 522 2181 multa
543 2143 696 2194 sagacia
718 2143 867 2182 monita
888 2145 1011 2182 multa
1031 2143 1176 2181 menda
1197 2142 1349 2181 sublata
1368 2143 1510 2181 debeo.

307 2220 314 2236 ¹
341 2218 378 2248 ln
397 2218 536 2258 Adelph.
557 2220 599 2249 60
617 2220 713 2251 codd.
735 2220 766 2250 in
791 2219 867 2251 lect.
887 2219 1068 2249 clcimilans.
1086 2219 1312 2259 consentiunt,
1339 2222 1373 2249 et
1395 2219 1593 2258 saepissime

261 2262 445 2303 pericnlmn
462 2262 597 2293 diuitias
613 2273 674 2302 pro
686 2264 843 2304 periclum
861 2263 959 2294 ditias
975 2263 1147 2294 exhibent.

307 2328 441 2360 Dabam
458 2328 597 2358 Dublt'm'

394 2372 504 2402 Mense
518 2372 606 2413 Sept.
628 2382 742 2404 menn.
