<?xml version="1.0" encoding="UTF-8"?>
<!DOCTYPE html PUBLIC "-//W3C//DTD XHTML 1.0 Transitional//EN"
    "http://www.w3.org/TR/xhtml1/DTD/xhtml1-transitional.dtd">
<html xmlns="http://www.w3.org/1999/xhtml" xml:lang="en" lang="en">
 <head>
  <title>
</title>
<meta http-equiv="Content-Type" content="text/html;charset=utf-8" />
  <meta name='ocr-system' content='tesseract 3.04.00' />
  <meta name='ocr-capabilities' content='ocr_page ocr_carea ocr_par ocr_line ocrx_word'/>
</head>
<body>
  <div class='ocr_page' id='page_1' title='image "./comoediaerecogno00tereuoft_0234.png"; bbox 0 0 1773 2750; ppageno 0'>
   <div class='ocr_carea' id='block_1_1' title="bbox 173 141 1173 179">
    <p class='ocr_par' dir='ltr' id='par_1_1' title="bbox 173 141 1173 179">
     <span class='ocr_line' id='line_1_1' title="bbox 173 141 1173 179; baseline -0.001 -1"><span class='ocrx_word' id='word_1_1' title='bbox 173 141 227 179; x_wconf 90' lang='grc' dir='ltr'>ΙΙ.</span> <span class='ocrx_word' id='word_1_2' title='bbox 248 141 277 178; x_wconf 85' lang='lat' dir='ltr'>ii</span> <span class='ocrx_word' id='word_1_3' title='bbox 683 142 723 178; x_wconf 89' lang='lat' dir='ltr'>P.</span> <span class='ocrx_word' id='word_1_4' title='bbox 756 141 1009 178; x_wconf 90' lang='lat' dir='ltr'><strong>TERENTI</strong></span> <span class='ocrx_word' id='word_1_5' title='bbox 1040 141 1173 178; x_wconf 88' lang='lat' dir='ltr'>AFRI</span> 
     </span>
    </p>
   </div>
   <div class='ocr_carea' id='block_1_2' title="bbox 181 250 1660 1003">
    <p class='ocr_par' dir='ltr' id='par_1_2' title="bbox 181 250 1660 1003">
     <span class='ocr_line' id='line_1_2' title="bbox 187 250 1568 303; baseline -0.001 -13"><span class='ocrx_word' id='word_1_6' title='bbox 187 264 224 296; x_wconf 76' lang='lat'>²5</span> <span class='ocrx_word' id='word_1_7' title='bbox 246 254 332 300; x_wconf 81' lang='lat' dir='ltr'>eho,</span> <span class='ocrx_word' id='word_1_8' title='bbox 356 255 450 291; x_wconf 78' lang='lat' dir='ltr'>mim</span> <span class='ocrx_word' id='word_1_9' title='bbox 472 252 568 303; x_wconf 87' lang='lat' dir='ltr'>quid</span> <span class='ocrx_word' id='word_1_10' title='bbox 588 265 679 291; x_wconf 84' lang='lat' dir='ltr'>nam</span> <span class='ocrx_word' id='word_1_11' title='bbox 706 252 863 290; x_wconf 67' lang='lat' dir='ltr'>accuszit</span> <span class='ocrx_word' id='word_1_12' title='bbox 890 251 1049 290; x_wconf 87' lang='lat' dir='ltr'>uirum?</span> <span class='ocrx_word' id='word_1_13' title='bbox 1104 251 1200 289; x_wconf 79' lang='lat' dir='ltr'>PH.</span> <span class='ocrx_word' id='word_1_14' title='bbox 1232 250 1418 289; x_wconf 83' lang='lat' dir='ltr'>minume&#39;.</span> <span class='ocrx_word' id='word_1_15' title='bbox 1476 262 1568 288; x_wconf 83' lang='lat' dir='ltr'>nam</span> 
     </span>
     <span class='ocr_line' id='line_1_3' title="bbox 460 316 839 368; baseline -0.003 -13"><span class='ocrx_word' id='word_1_16' title='bbox 460 325 669 368; x_wconf 83' lang='lat' dir='ltr'>postquam</span> <span class='ocrx_word' id='word_1_17' title='bbox 690 316 839 355; x_wconf 79' lang='lat' dir='ltr'>attendi</span> 
     </span>
     <span class='ocr_line' id='line_1_4' title="bbox 245 380 1340 432; baseline -0.002 -12"><span class='ocrx_word' id='word_1_18' title='bbox 245 382 367 432; x_wconf 83' lang='lat' dir='ltr'>magis</span> <span class='ocrx_word' id='word_1_19' title='bbox 388 382 425 420; x_wconf 91' lang='lat' dir='ltr'>e&#39;t</span> <span class='ocrx_word' id='word_1_20' title='bbox 446 381 483 420; x_wconf 88' lang='lat' dir='ltr'>ui</span> <span class='ocrx_word' id='word_1_21' title='bbox 505 382 617 432; x_wconf 85' lang='lat' dir='ltr'>coepi</span> <span class='ocrx_word' id='word_1_22' title='bbox 639 381 777 431; x_wconf 79' lang='lat' dir='ltr'>cogere</span> <span class='ocrx_word' id='word_1_23' title='bbox 798 389 839 419; x_wconf 89' lang='lat' dir='ltr'>ut</span> <span class='ocrx_word' id='word_1_24' title='bbox 861 381 1012 428; x_wconf 72' lang='lat' dir='ltr'>rediret,</span> <span class='ocrx_word' id='word_1_25' title='bbox 1035 388 1169 420; x_wconf 86' lang='lat' dir='ltr'>sancte</span> <span class='ocrx_word' id='word_1_26' title='bbox 1189 380 1340 419; x_wconf 67' lang='lat' dir='ltr'>adiurat</span> 
     </span>
     <span class='ocr_line' id='line_1_5' title="bbox 244 445 1392 496; baseline -0.002 -11"><span class='ocrx_word' id='word_1_27' title='bbox 244 460 325 485; x_wconf 90' lang='lat' dir='ltr'>non</span> <span class='ocrx_word' id='word_1_28' title='bbox 345 447 460 495; x_wconf 77' lang='lat' dir='ltr'>posse</span> <span class='ocrx_word' id='word_1_29' title='bbox 480 447 586 496; x_wconf 82' lang='lat' dir='ltr'>apud</span> <span class='ocrx_word' id='word_1_30' title='bbox 607 458 678 484; x_wconf 82' lang='lat' dir='ltr'>uos</span> <span class='ocrx_word' id='word_1_31' title='bbox 699 445 907 495; x_wconf 68' lang='lat' dir='ltr'>Paimphilo</span> <span class='ocrx_word' id='word_1_32' title='bbox 927 458 969 484; x_wconf 86' lang='lat' dir='ltr'>se</span> <span class='ocrx_word' id='word_1_33' title='bbox 988 445 1152 484; x_wconf 77' lang='lat' dir='ltr'>absente</span> <span class='ocrx_word' id='word_1_34' title='bbox 1172 445 1392 495; x_wconf 68' lang='lat' dir='ltr'>perdurzire.</span> 
     </span>
     <span class='ocr_line' id='line_1_6' title="bbox 244 508 1660 559; baseline -0.001 -10"><span class='ocrx_word' id='word_1_35' title='bbox 244 511 351 549; x_wconf 69' lang='lat' dir='ltr'>aliud</span> <span class='ocrx_word' id='word_1_36' title='bbox 371 512 533 548; x_wconf 88' lang='lat' dir='ltr'>fortasse</span> <span class='ocrx_word' id='word_1_37' title='bbox 553 509 637 548; x_wconf 75' lang='lat' dir='ltr'>aliis</span> <span class='ocrx_word' id='word_1_38' title='bbox 658 509 726 548; x_wconf 88' lang='lat' dir='ltr'>uiti</span> <span class='ocrx_word' id='word_1_39' title='bbox 748 518 805 548; x_wconf 87' lang='lat' dir='ltr'>est</span> <span class='ocrx_word' id='word_1_40' title='bbox 822 525 829 548; x_wconf 76' lang='grc' dir='ltr'>ε</span> <span class='ocrx_word' id='word_1_41' title='bbox 859 522 932 559; x_wconf 83' lang='lat' dir='ltr'>ego</span> <span class='ocrx_word' id='word_1_42' title='bbox 953 523 1039 548; x_wconf 87' lang='lat' dir='ltr'>sum</span> <span class='ocrx_word' id='word_1_43' title='bbox 1061 509 1193 548; x_wconf 56' lang='lat' dir='ltr'>&amp;inimo</span> <span class='ocrx_word' id='word_1_44' title='bbox 1213 508 1291 547; x_wconf 92' lang='lat' dir='ltr'>leni</span> <span class='ocrx_word' id='word_1_45' title='bbox 1311 510 1449 548; x_wconf 66' lang='lat' dir='ltr'>nzitus:</span> <span class='ocrx_word' id='word_1_46' title='bbox 1590 522 1660 557; x_wconf 86' lang='lat'>270</span> 
     </span>
     <span class='ocr_line' id='line_1_7' title="bbox 246 575 1570 625; baseline -0.001 -12"><span class='ocrx_word' id='word_1_47' title='bbox 246 589 325 614; x_wconf 91' lang='lat' dir='ltr'>non</span> <span class='ocrx_word' id='word_1_48' title='bbox 347 576 507 625; x_wconf 76' lang='lat' dir='ltr'>possum</span> <span class='ocrx_word' id='word_1_49' title='bbox 528 576 728 614; x_wconf 80' lang='lat' dir='ltr'>aduorsari</span> <span class='ocrx_word' id='word_1_50' title='bbox 755 575 862 614; x_wconf 89' lang='lat' dir='ltr'>meis.</span> <span class='ocrx_word' id='word_1_51' title='bbox 920 576 1009 614; x_wconf 90' lang='lat' dir='ltr'>LA.</span> <span class='ocrx_word' id='word_1_52' title='bbox 1040 588 1115 622; x_wconf 88' lang='lat' dir='ltr'>em,</span> <span class='ocrx_word' id='word_1_53' title='bbox 1138 575 1321 614; x_wconf 67' lang='lat' dir='ltr'>Sostrata.</span> <span class='ocrx_word' id='word_1_54' title='bbox 1379 575 1461 614; x_wconf 80' lang='lat' dir='ltr'>SO.</span> <span class='ocrx_word' id='word_1_55' title='bbox 1492 575 1570 613; x_wconf 89' lang='lat' dir='ltr'>heu</span> 
     </span>
     <span class='ocr_line' id='line_1_8' title="bbox 461 641 750 679; baseline 0 -1"><span class='ocrx_word' id='word_1_56' title='bbox 461 653 524 679; x_wconf 92' lang='lat' dir='ltr'>me</span> <span class='ocrx_word' id='word_1_57' title='bbox 545 641 724 679; x_wconf 76' lang='lat' dir='ltr'><strong>miseram</strong></span> <span class='ocrx_word' id='word_1_58' title='bbox 744 643 750 678; x_wconf 78' lang='lat'>1</span> 
     </span>
     <span class='ocr_line' id='line_1_9' title="bbox 185 702 1570 755; baseline -0.003 -10"><span class='ocrx_word' id='word_1_59' title='bbox 185 712 227 745; x_wconf 76' lang='lat'>30</span> <span class='ocrx_word' id='word_1_60' title='bbox 245 706 331 743; x_wconf 90' lang='lat' dir='ltr'>LA.</span> <span class='ocrx_word' id='word_1_61' title='bbox 365 707 567 744; x_wconf 77' lang='lat' dir='ltr'>certumne</span> <span class='ocrx_word' id='word_1_62' title='bbox 596 712 654 743; x_wconf 89' lang='lat' dir='ltr'>est</span> <span class='ocrx_word' id='word_1_63' title='bbox 683 704 812 743; x_wconf 88' lang='lat' dir='ltr'>istuc?</span> <span class='ocrx_word' id='word_1_64' title='bbox 866 707 960 744; x_wconf 79' lang='lat' dir='ltr'>PH.</span> <span class='ocrx_word' id='word_1_65' title='bbox 992 707 1098 743; x_wconf 76' lang='lat' dir='ltr'>minc</span> <span class='ocrx_word' id='word_1_66' title='bbox 1128 704 1289 755; x_wconf 88' lang='lat' dir='ltr'>quidem</span> <span class='ocrx_word' id='word_1_67' title='bbox 1320 711 1362 742; x_wconf 91' lang='lat' dir='ltr'>ut</span> <span class='ocrx_word' id='word_1_68' title='bbox 1391 702 1570 742; x_wconf 85' lang='lat' dir='ltr'>uide&#39;tur:</span> 
     </span>
     <span class='ocr_line' id='line_1_10' title="bbox 460 770 875 820; baseline -0.002 -11"><span class='ocrx_word' id='word_1_69' title='bbox 460 771 530 809; x_wconf 87' lang='lat' dir='ltr'>sed</span> <span class='ocrx_word' id='word_1_70' title='bbox 550 783 646 808; x_wconf 89' lang='lat' dir='ltr'>num</span> <span class='ocrx_word' id='word_1_71' title='bbox 667 771 762 820; x_wconf 77' lang='lat' dir='ltr'>quid</span> <span class='ocrx_word' id='word_1_72' title='bbox 783 770 841 808; x_wconf 82' lang='lat' dir='ltr'>uis</span> <span class='ocrx_word' id='word_1_73' title='bbox 858 772 875 808; x_wconf 90' lang='lat'>?</span> 
     </span>
     <span class='ocr_line' id='line_1_11' title="bbox 246 833 1571 885; baseline -0.001 -12"><span class='ocrx_word' id='word_1_74' title='bbox 246 848 338 873; x_wconf 83' lang='lat' dir='ltr'>nam</span> <span class='ocrx_word' id='word_1_75' title='bbox 359 842 417 874; x_wconf 89' lang='lat' dir='ltr'>est</span> <span class='ocrx_word' id='word_1_76' title='bbox 437 835 544 885; x_wconf 69' lang='lat' dir='ltr'>quod</span> <span class='ocrx_word' id='word_1_77' title='bbox 572 848 635 873; x_wconf 90' lang='lat' dir='ltr'>me</span> <span class='ocrx_word' id='word_1_78' title='bbox 659 834 820 873; x_wconf 83' lang='lat' dir='ltr'>transire</span> <span class='ocrx_word' id='word_1_79' title='bbox 846 834 897 873; x_wconf 60' lang='lat' dir='ltr'>aid</span> <span class='ocrx_word' id='word_1_80' title='bbox 923 835 1050 873; x_wconf 89' lang='lat' dir='ltr'>forum</span> <span class='ocrx_word' id='word_1_81' title='bbox 1077 833 1154 873; x_wconf 82' lang='lat' dir='ltr'>iam</span> <span class='ocrx_word' id='word_1_82' title='bbox 1181 834 1345 884; x_wconf 79' lang='lat' dir='ltr'>oportet.</span> <span class='ocrx_word' id='word_1_83' title='bbox 1402 834 1491 872; x_wconf 86' lang='lat' dir='ltr'>LA.</span> <span class='ocrx_word' id='word_1_84' title='bbox 1523 846 1571 872; x_wconf 88' lang='lat' dir='ltr'>eo</span> 
     </span>
     <span class='ocr_line' id='line_1_12' title="bbox 461 901 701 938; baseline -0.004 0"><span class='ocrx_word' id='word_1_85' title='bbox 461 907 591 938; x_wconf 86' lang='lat' dir='ltr'>tecum</span> <span class='ocrx_word' id='word_1_86' title='bbox 612 901 701 937; x_wconf 76' lang='lat' dir='ltr'>una.</span> 
     </span>
     <span class='ocr_line' id='line_1_13' title="bbox 181 959 1054 1003; baseline -0.003 1"><span class='ocrx_word' id='word_1_87' title='bbox 181 959 227 996; x_wconf 66' lang='lat' dir='ltr'>‘iii</span> <span class='ocrx_word' id='word_1_88' title='bbox 766 966 1054 1003; x_wconf 79' lang='lat' dir='ltr'><strong>SOSTRATA</strong></span> 
     </span>
    </p>
   </div>
   <div class='ocr_carea' id='block_1_3' title="bbox 244 1035 1657 1225">
    <p class='ocr_par' dir='ltr' id='par_1_3' title="bbox 244 1035 1657 1225">
     <span class='ocr_line' id='line_1_14' title="bbox 245 1035 1464 1096; baseline 0 -14"><span class='ocrx_word' id='word_1_89' title='bbox 245 1035 401 1096; x_wconf 78' lang='lat' dir='ltr'>E‘depol</span> <span class='ocrx_word' id='word_1_90' title='bbox 422 1059 472 1085; x_wconf 91' lang='lat' dir='ltr'>ne</span> <span class='ocrx_word' id='word_1_91' title='bbox 493 1058 565 1084; x_wconf 88' lang='lat' dir='ltr'>nos</span> <span class='ocrx_word' id='word_1_92' title='bbox 586 1047 721 1084; x_wconf 77' lang='lat' dir='ltr'>sumus</span> <span class='ocrx_word' id='word_1_93' title='bbox 742 1044 875 1095; x_wconf 85' lang='lat' dir='ltr'>inique</span> <span class='ocrx_word' id='word_1_94' title='bbox 895 1058 1021 1095; x_wconf 83' lang='lat' dir='ltr'>aeque</span> <span class='ocrx_word' id='word_1_95' title='bbox 1042 1044 1181 1083; x_wconf 86' lang='lat' dir='ltr'>6mnes</span> <span class='ocrx_word' id='word_1_96' title='bbox 1201 1042 1352 1083; x_wconf 78' lang='lat' dir='ltr'>inuisae</span> <span class='ocrx_word' id='word_1_97' title='bbox 1372 1043 1464 1082; x_wconf 87' lang='lat' dir='ltr'>uiris</span> 
     </span>
     <span class='ocr_line' id='line_1_15' title="bbox 245 1108 1657 1161; baseline -0.003 -11"><span class='ocrx_word' id='word_1_98' title='bbox 245 1111 402 1161; x_wconf 77' lang='lat' dir='ltr'>propter</span> <span class='ocrx_word' id='word_1_99' title='bbox 417 1124 572 1161; x_wconf 82' lang='lat' dir='ltr'>paucas,</span> <span class='ocrx_word' id='word_1_100' title='bbox 589 1123 689 1161; x_wconf 83' lang='lat' dir='ltr'>quae</span> <span class='ocrx_word' id='word_1_101' title='bbox 706 1111 843 1149; x_wconf 74' lang='lat' dir='ltr'>omnes</span> <span class='ocrx_word' id='word_1_102' title='bbox 859 1109 1006 1148; x_wconf 84' lang='lat' dir='ltr'>faciunt</span> <span class='ocrx_word' id='word_1_103' title='bbox 1022 1111 1163 1160; x_wconf 80' lang='lat' dir='ltr'>dignae</span> <span class='ocrx_word' id='word_1_104' title='bbox 1177 1116 1219 1148; x_wconf 88' lang='lat' dir='ltr'>ut</span> <span class='ocrx_word' id='word_1_105' title='bbox 1235 1108 1441 1148; x_wconf 67' lang='lat' dir='ltr'>uideamur</span> <span class='ocrx_word' id='word_1_106' title='bbox 1454 1109 1570 1147; x_wconf 84' lang='lat' dir='ltr'>malo.</span> <span class='ocrx_word' id='word_1_107' title='bbox 1592 1118 1634 1154; x_wconf 89' lang='lat'>27</span> <span class='ocrx_word' id='word_1_108' title='bbox 1640 1119 1657 1156; x_wconf 85' lang='lat'>5</span> 
     </span>
     <span class='ocr_line' id='line_1_16' title="bbox 244 1173 1571 1225; baseline -0.001 -12"><span class='ocrx_word' id='word_1_109' title='bbox 244 1189 335 1213; x_wconf 82' lang='lat' dir='ltr'>nam</span> <span class='ocrx_word' id='word_1_110' title='bbox 357 1177 409 1214; x_wconf 79' lang='lat' dir='ltr'>ita</span> <span class='ocrx_word' id='word_1_111' title='bbox 430 1189 493 1214; x_wconf 91' lang='lat' dir='ltr'>me</span> <span class='ocrx_word' id='word_1_112' title='bbox 513 1176 554 1214; x_wconf 90' lang='lat' dir='ltr'>di</span> <span class='ocrx_word' id='word_1_113' title='bbox 573 1182 721 1222; x_wconf 82' lang='lat' dir='ltr'>ament,</span> <span class='ocrx_word' id='word_1_114' title='bbox 741 1175 849 1225; x_wconf 80' lang='lat' dir='ltr'>quod</span> <span class='ocrx_word' id='word_1_115' title='bbox 871 1188 934 1213; x_wconf 92' lang='lat' dir='ltr'>me</span> <span class='ocrx_word' id='word_1_116' title='bbox 953 1181 1112 1213; x_wconf 84' lang='lat' dir='ltr'>accusat</span> <span class='ocrx_word' id='word_1_117' title='bbox 1138 1177 1245 1213; x_wconf 70' lang='lat' dir='ltr'>minc</span> <span class='ocrx_word' id='word_1_118' title='bbox 1265 1173 1334 1221; x_wconf 91' lang='lat' dir='ltr'>uir,</span> <span class='ocrx_word' id='word_1_119' title='bbox 1358 1187 1444 1212; x_wconf 89' lang='lat' dir='ltr'>sum</span> <span class='ocrx_word' id='word_1_120' title='bbox 1466 1180 1571 1213; x_wconf 86' lang='lat' dir='ltr'>extra</span> 
     </span>
    </p>
   </div>
   <div class='ocr_carea' id='block_1_4' title="bbox 244 1240 1536 1355">
    <p class='ocr_par' dir='ltr' id='par_1_4' title="bbox 244 1240 1536 1355">
     <span class='ocr_line' id='line_1_17' title="bbox 458 1240 628 1279; baseline 0 -1"><span class='ocrx_word' id='word_1_121' title='bbox 458 1240 628 1279; x_wconf 77' lang='lat' dir='ltr'>noxiam.</span> 
     </span>
     <span class='ocr_line' id='line_1_18' title="bbox 244 1303 1536 1355; baseline -0.002 -11"><span class='ocrx_word' id='word_1_122' title='bbox 244 1305 313 1344; x_wconf 82' lang='lat' dir='ltr'>sed</span> <span class='ocrx_word' id='word_1_123' title='bbox 335 1318 415 1344; x_wconf 90' lang='lat' dir='ltr'>non</span> <span class='ocrx_word' id='word_1_124' title='bbox 436 1304 586 1344; x_wconf 79' lang='lat' dir='ltr'><strong>facilest</strong></span> <span class='ocrx_word' id='word_1_125' title='bbox 607 1304 844 1355; x_wconf 79' lang='lat' dir='ltr'>expurgatu:</span> <span class='ocrx_word' id='word_1_126' title='bbox 874 1303 926 1342; x_wconf 82' lang='lat' dir='ltr'>ita</span> <span class='ocrx_word' id='word_1_127' title='bbox 947 1303 1122 1342; x_wconf 59' lang='lat' dir='ltr'>&amp;inimum</span> <span class='ocrx_word' id='word_1_128' title='bbox 1144 1303 1382 1343; x_wconf 70' lang='lat' dir='ltr'>induxerunt</span> <span class='ocrx_word' id='word_1_129' title='bbox 1402 1315 1536 1342; x_wconf 86' lang='lat' dir='ltr'>socrus</span> 
     </span>
    </p>
   </div>
   <div class='ocr_carea' id='block_1_5' title="bbox 206 1367 1660 1680">
    <p class='ocr_par' dir='ltr' id='par_1_5' title="bbox 206 1367 1660 1680">
     <span class='ocr_line' id='line_1_19' title="bbox 206 1367 1571 1420; baseline -0.003 -11"><span class='ocrx_word' id='word_1_130' title='bbox 206 1383 222 1413; x_wconf 81' lang='lat'><strong><em>5</em></strong></span> <span class='ocrx_word' id='word_1_131' title='bbox 245 1370 372 1409; x_wconf 82' lang='lat' dir='ltr'>omnis</span> <span class='ocrx_word' id='word_1_132' title='bbox 393 1383 478 1408; x_wconf 84' lang='lat' dir='ltr'>esse</span> <span class='ocrx_word' id='word_1_133' title='bbox 500 1370 652 1420; x_wconf 76' lang='lat' dir='ltr'>iniquas</span> <span class='ocrx_word' id='word_1_134' title='bbox 670 1385 675 1408; x_wconf 93' lang='lat'>:</span> <span class='ocrx_word' id='word_1_135' title='bbox 706 1369 813 1407; x_wconf 84' lang='lat' dir='ltr'>haud</span> <span class='ocrx_word' id='word_1_136' title='bbox 834 1370 899 1418; x_wconf 85' lang='lat' dir='ltr'>pol</span> <span class='ocrx_word' id='word_1_137' title='bbox 920 1382 983 1407; x_wconf 91' lang='lat' dir='ltr'>me</span> <span class='ocrx_word' id='word_1_138' title='bbox 1001 1367 1185 1419; x_wconf 76' lang='lat' dir='ltr'>equidem</span> <span class='ocrx_word' id='word_1_139' title='bbox 1201 1383 1211 1417; x_wconf 80' lang='lat'>3</span> <span class='ocrx_word' id='word_1_140' title='bbox 1241 1381 1332 1407; x_wconf 82' lang='lat' dir='ltr'>nam</span> <span class='ocrx_word' id='word_1_141' title='bbox 1354 1367 1571 1418; x_wconf 63' lang='lat' dir='ltr'>numquz‘im</span> 
     </span>
     <span class='ocr_line' id='line_1_20' title="bbox 459 1448 572 1473; baseline 0 -1"><span class='ocrx_word' id='word_1_142' title='bbox 459 1448 572 1473; x_wconf 86' lang='lat' dir='ltr'>secus</span> 
     </span>
     <span class='ocr_line' id='line_1_21' title="bbox 246 1498 1572 1549; baseline -0.002 -11"><span class='ocrx_word' id='word_1_143' title='bbox 246 1499 365 1538; x_wconf 56' lang='lat' dir='ltr'>habui</span> <span class='ocrx_word' id='word_1_144' title='bbox 387 1499 491 1538; x_wconf 81' lang='lat' dir='ltr'>illam</span> <span class='ocrx_word' id='word_1_145' title='bbox 513 1513 558 1538; x_wconf 80' lang='lat' dir='ltr'>ac</span> <span class='ocrx_word' id='word_1_146' title='bbox 580 1499 611 1537; x_wconf 87' lang='lat' dir='ltr'>si</span> <span class='ocrx_word' id='word_1_147' title='bbox 632 1512 678 1538; x_wconf 80' lang='lat' dir='ltr'>ex</span> <span class='ocrx_word' id='word_1_148' title='bbox 698 1501 761 1538; x_wconf 75' lang='lat' dir='ltr'>me</span> <span class='ocrx_word' id='word_1_149' title='bbox 786 1506 876 1538; x_wconf 82' lang='lat' dir='ltr'>nata</span> <span class='ocrx_word' id='word_1_150' title='bbox 904 1506 1015 1546; x_wconf 82' lang='lat' dir='ltr'>esset,</span> <span class='ocrx_word' id='word_1_151' title='bbox 1040 1498 1113 1538; x_wconf 82' lang='lat' dir='ltr'>nee</span> <span class='ocrx_word' id='word_1_152' title='bbox 1137 1499 1204 1549; x_wconf 85' lang='lat' dir='ltr'>qui</span> <span class='ocrx_word' id='word_1_153' title='bbox 1231 1500 1309 1538; x_wconf 84' lang='lat' dir='ltr'>hoc</span> <span class='ocrx_word' id='word_1_154' title='bbox 1336 1499 1388 1537; x_wconf 91' lang='lat' dir='ltr'>mi</span> <span class='ocrx_word' id='word_1_155' title='bbox 1417 1498 1572 1537; x_wconf 69' lang='lat' dir='ltr'>euenizit</span> 
     </span>
     <span class='ocr_line' id='line_1_22' title="bbox 460 1564 565 1612; baseline -0.019 -9"><span class='ocrx_word' id='word_1_156' title='bbox 460 1564 565 1612; x_wconf 78' lang='lat' dir='ltr'>scio3</span> 
     </span>
     <span class='ocr_line' id='line_1_23' title="bbox 245 1628 1660 1680; baseline -0.001 -12"><span class='ocrx_word' id='word_1_157' title='bbox 245 1629 318 1668; x_wconf 74' lang='lat' dir='ltr'>nisi</span> <span class='ocrx_word' id='word_1_158' title='bbox 339 1630 404 1679; x_wconf 91' lang='lat' dir='ltr'>pol</span> <span class='ocrx_word' id='word_1_159' title='bbox 426 1628 548 1667; x_wconf 74' lang='lat' dir='ltr'>filium</span> <span class='ocrx_word' id='word_1_160' title='bbox 570 1628 812 1668; x_wconf 83' lang='lat' dir='ltr'>multimodis</span> <span class='ocrx_word' id='word_1_161' title='bbox 834 1629 910 1668; x_wconf 83' lang='lat' dir='ltr'>iam</span> <span class='ocrx_word' id='word_1_162' title='bbox 932 1629 1116 1680; x_wconf 83' lang='lat' dir='ltr'>e&#39;xspecto</span> <span class='ocrx_word' id='word_1_163' title='bbox 1137 1638 1179 1669; x_wconf 87' lang='lat' dir='ltr'>ut</span> <span class='ocrx_word' id='word_1_164' title='bbox 1199 1630 1331 1669; x_wconf 68' lang='lat' dir='ltr'>redecit</span> <span class='ocrx_word' id='word_1_165' title='bbox 1352 1631 1528 1669; x_wconf 89' lang='lat' dir='ltr'>domum.</span> <span class='ocrx_word' id='word_1_166' title='bbox 1591 1633 1660 1668; x_wconf 86' lang='lat'>280</span> 
     </span>
    </p>
   </div>
   <div class='ocr_carea' id='block_1_6' title="bbox 719 1773 1089 1821">
    <p class='ocr_par' dir='ltr' id='par_1_6' title="bbox 719 1773 1089 1821">
     <span class='ocr_line' id='line_1_24' title="bbox 719 1773 1089 1821; baseline -0.003 -1"><span class='ocrx_word' id='word_1_167' title='bbox 719 1773 955 1821; x_wconf 78' lang='lat' dir='ltr'>ACTVS</span> <span class='ocrx_word' id='word_1_168' title='bbox 1010 1774 1089 1821; x_wconf 96' lang='lat' dir='ltr'>III</span> 
     </span>
    </p>
   </div>
   <div class='ocr_carea' id='block_1_7' title="bbox 214 1871 1477 1922">
    <p class='ocr_par' dir='ltr' id='par_1_7' title="bbox 214 1871 1477 1922">
     <span class='ocr_line' id='line_1_25' title="bbox 214 1871 1477 1922; baseline -0.001 -12"><span class='ocrx_word' id='word_1_169' title='bbox 214 1872 228 1909; x_wconf 93' lang='lat' dir='ltr'>i</span> <span class='ocrx_word' id='word_1_170' title='bbox 341 1874 671 1910; x_wconf 71' lang='lat' dir='ltr'>PAMPHILVS</span> <span class='ocrx_word' id='word_1_171' title='bbox 783 1875 1058 1911; x_wconf 79' lang='lat' dir='ltr'><strong>PARMENO</strong></span> <span class='ocrx_word' id='word_1_172' title='bbox 1169 1871 1477 1922; x_wconf 75' lang='lat' dir='ltr'>(MYRRINA)</span> 
     </span>
    </p>
   </div>
   <div class='ocr_carea' id='block_1_8' title="bbox 244 1950 1569 2198">
    <p class='ocr_par' dir='ltr' id='par_1_8' title="bbox 244 1950 1569 2068">
     <span class='ocr_line' id='line_1_26' title="bbox 244 1950 1569 2005; baseline -0.001 -14"><span class='ocrx_word' id='word_1_173' title='bbox 244 1955 385 1992; x_wconf 81' lang='lat' dir='ltr'><em>PAM.</em></span> <span class='ocrx_word' id='word_1_174' title='bbox 418 1953 579 1992; x_wconf 76' lang='lat' dir='ltr'>Nemini</span> <span class='ocrx_word' id='word_1_175' title='bbox 613 1967 686 2004; x_wconf 84' lang='lat' dir='ltr'>ego</span> <span class='ocrx_word' id='word_1_176' title='bbox 720 1955 830 2004; x_wconf 83' lang='lat' dir='ltr'>plura</span> <span class='ocrx_word' id='word_1_177' title='bbox 865 1954 910 1993; x_wconf 82' lang='lat' dir='ltr'>e&#39;x</span> <span class='ocrx_word' id='word_1_178' title='bbox 948 1967 1081 1993; x_wconf 87' lang='lat' dir='ltr'>amore</span> <span class='ocrx_word' id='word_1_179' title='bbox 1119 1953 1260 1993; x_wconf 74' lang='lat' dir='ltr'>acerba</span> <span class='ocrx_word' id='word_1_180' title='bbox 1298 1954 1416 1992; x_wconf 89' lang='lat' dir='ltr'>credo</span> <span class='ocrx_word' id='word_1_181' title='bbox 1452 1950 1569 2005; x_wconf 83' lang='lat' dir='ltr'>[esse]</span> 
     </span>
     <span class='ocr_line' id='line_1_27' title="bbox 458 2018 992 2068; baseline 0.002 -12"><span class='ocrx_word' id='word_1_182' title='bbox 458 2018 611 2057; x_wconf 87' lang='lat' dir='ltr'>homini</span> <span class='ocrx_word' id='word_1_183' title='bbox 641 2022 829 2068; x_wconf 79' lang='lat' dir='ltr'>umquam</span> <span class='ocrx_word' id='word_1_184' title='bbox 860 2019 992 2057; x_wconf 81' lang='lat' dir='ltr'>oblata</span> 
     </span>
    </p>

    <p class='ocr_par' dir='ltr' id='par_1_9' title="bbox 244 2082 1569 2198">
     <span class='ocr_line' id='line_1_28' title="bbox 244 2082 1569 2133; baseline -0.001 -12"><span class='ocrx_word' id='word_1_185' title='bbox 244 2083 362 2133; x_wconf 75' lang='lat' dir='ltr'>quzirn</span> <span class='ocrx_word' id='word_1_186' title='bbox 404 2083 468 2122; x_wconf 91' lang='lat' dir='ltr'>mi.</span> <span class='ocrx_word' id='word_1_187' title='bbox 526 2085 604 2122; x_wconf 91' lang='lat' dir='ltr'>heu</span> <span class='ocrx_word' id='word_1_188' title='bbox 643 2097 706 2121; x_wconf 90' lang='lat' dir='ltr'>me</span> <span class='ocrx_word' id='word_1_189' title='bbox 745 2083 952 2131; x_wconf 78' lang='lat' dir='ltr'>infelicem,</span> <span class='ocrx_word' id='word_1_190' title='bbox 989 2083 1158 2122; x_wconf 85' lang='lat' dir='ltr'>hancine</span> <span class='ocrx_word' id='word_1_191' title='bbox 1197 2096 1270 2133; x_wconf 86' lang='lat' dir='ltr'>ego</span> <span class='ocrx_word' id='word_1_192' title='bbox 1307 2084 1429 2121; x_wconf 78' lang='lat' dir='ltr'>uitam</span> <span class='ocrx_word' id='word_1_193' title='bbox 1468 2082 1569 2132; x_wconf 89' lang='lat' dir='ltr'>parsi</span> 
     </span>
     <span class='ocr_line' id='line_1_29' title="bbox 457 2144 1057 2198; baseline -0.002 -12"><span class='ocrx_word' id='word_1_194' title='bbox 457 2148 620 2198; x_wconf 83' lang='lat' dir='ltr'>pe&#39;rdere</span> <span class='ocrx_word' id='word_1_195' title='bbox 641 2151 646 2185; x_wconf 73' lang='grc' dir='ltr'>ἔ</span> <span class='ocrx_word' id='word_1_196' title='bbox 1053 2144 1057 2145; x_wconf 45' lang='grc'>’</span> 
     </span>
    </p>
   </div>
   <div class='ocr_carea' id='block_1_9' title="bbox 244 2249 1570 2455">
    <p class='ocr_par' dir='ltr' id='par_1_10' title="bbox 244 2249 1570 2455">
     <span class='ocr_line' id='line_1_30' title="bbox 287 2249 1570 2290; baseline 0 -10"><span class='ocrx_word' id='word_1_197' title='bbox 287 2260 347 2290; x_wconf 83' lang='lat'>271</span> <span class='ocrx_word' id='word_1_198' title='bbox 375 2261 427 2281; x_wconf 89' lang='lat' dir='ltr'>em</span> <span class='ocrx_word' id='word_1_199' title='bbox 445 2250 500 2282; x_wconf 84' lang='lat' dir='ltr'>A:</span> <span class='ocrx_word' id='word_1_200' title='bbox 527 2251 603 2280; x_wconf 87' lang='lat' dir='ltr'>hem</span> <span class='ocrx_word' id='word_1_201' title='bbox 621 2261 696 2280; x_wconf 86' lang='lat' dir='ltr'>cum</span> <span class='ocrx_word' id='word_1_202' title='bbox 721 2249 750 2281; x_wconf 82' lang='lat' dir='ltr'><strong><em>S</em></strong></span> <span class='ocrx_word' id='word_1_203' title='bbox 771 2251 927 2281; x_wconf 76' lang='lat' dir='ltr'>Donatus</span> <span class='ocrx_word' id='word_1_204' title='bbox 1082 2251 1144 2290; x_wconf 81' lang='lat'>278</span> <span class='ocrx_word' id='word_1_205' title='bbox 1169 2250 1325 2290; x_wconf 83' lang='lat' dir='ltr'>equidem</span> <span class='ocrx_word' id='word_1_206' title='bbox 1342 2250 1475 2290; x_wconf 56' lang='lat' dir='ltr'>scmjlusi:</span> <span class='ocrx_word' id='word_1_207' title='bbox 1498 2250 1570 2289; x_wconf 85' lang='lat' dir='ltr'>qui-</span> 
     </span>
     <span class='ocr_line' id='line_1_31' title="bbox 244 2293 1569 2332; baseline 0 -8"><span class='ocrx_word' id='word_1_208' title='bbox 244 2294 320 2325; x_wconf 88' lang='lat' dir='ltr'>dem</span> <span class='ocrx_word' id='word_1_209' title='bbox 348 2293 437 2325; x_wconf 88' lang='lat' dir='ltr'><em>codd.</em></span> <span class='ocrx_word' id='word_1_210' title='bbox 582 2303 646 2332; x_wconf 88' lang='lat'>279</span> <span class='ocrx_word' id='word_1_211' title='bbox 669 2294 867 2325; x_wconf 78' lang='lat' dir='ltr'>Fleckeism:</span> <span class='ocrx_word' id='word_1_212' title='bbox 900 2299 992 2325; x_wconf 81' lang='lat' dir='ltr'>esset</span> <span class='ocrx_word' id='word_1_213' title='bbox 1024 2299 1102 2325; x_wconf 86' lang='lat' dir='ltr'>nata</span> <span class='ocrx_word' id='word_1_214' title='bbox 1133 2293 1221 2326; x_wconf 85' lang='lat' dir='ltr'><em>codd.</em></span> <span class='ocrx_word' id='word_1_215' title='bbox 1363 2294 1428 2324; x_wconf 89' lang='lat'>280</span> <span class='ocrx_word' id='word_1_216' title='bbox 1458 2294 1569 2324; x_wconf 88' lang='lat' dir='ltr'>multi-</span> 
     </span>
     <span class='ocr_line' id='line_1_32' title="bbox 244 2336 1568 2377; baseline 0 -10"><span class='ocrx_word' id='word_1_217' title='bbox 244 2338 351 2368; x_wconf 82' lang='lat' dir='ltr'>modis</span> <span class='ocrx_word' id='word_1_218' title='bbox 368 2337 517 2368; x_wconf 58' lang='lat' dir='ltr'>Fae‘rnns</span> <span class='ocrx_word' id='word_1_219' title='bbox 535 2349 541 2368; x_wconf 91' lang='lat'><strong>:</strong></span> <span class='ocrx_word' id='word_1_220' title='bbox 566 2337 677 2368; x_wconf 84' lang='lat' dir='ltr'>multis</span> <span class='ocrx_word' id='word_1_221' title='bbox 695 2338 803 2368; x_wconf 84' lang='lat' dir='ltr'>modis</span> <span class='ocrx_word' id='word_1_222' title='bbox 825 2348 899 2368; x_wconf 84' lang='lat' dir='ltr'>cum</span> <span class='ocrx_word' id='word_1_223' title='bbox 917 2337 1006 2369; x_wconf 88' lang='lat' dir='ltr'><em>codd.</em></span> <span class='ocrx_word' id='word_1_224' title='bbox 1028 2337 1185 2369; x_wconf 84' lang='lat' dir='ltr'>Donatus</span> <span class='ocrx_word' id='word_1_225' title='bbox 1272 2342 1436 2377; x_wconf 87' lang='lat' dir='ltr'>exspecto</span> <span class='ocrx_word' id='word_1_226' title='bbox 1459 2336 1545 2368; x_wconf 88' lang='lat' dir='ltr'><em>codd.</em></span> <span class='ocrx_word' id='word_1_227' title='bbox 1561 2348 1568 2367; x_wconf 87' lang='lat'>:</span> 
     </span>
     <span class='ocr_line' id='line_1_33' title="bbox 245 2381 1569 2422; baseline 0 -12"><span class='ocrx_word' id='word_1_228' title='bbox 245 2385 370 2420; x_wconf 81' lang='lat' dir='ltr'>expeto</span> <span class='ocrx_word' id='word_1_229' title='bbox 396 2381 528 2421; x_wconf 76' lang='lat' dir='ltr'><em>Bentley</em></span> <span class='ocrx_word' id='word_1_230' title='bbox 552 2385 580 2411; x_wconf 81' lang='lat' dir='ltr'>et</span> <span class='ocrx_word' id='word_1_231' title='bbox 605 2381 690 2422; x_wconf 82' lang='lat' dir='ltr'><em>uolg.</em></span> <span class='ocrx_word' id='word_1_232' title='bbox 836 2382 894 2411; x_wconf 87' lang='lat'>281</span> <span class='ocrx_word' id='word_1_233' title='bbox 922 2381 1082 2412; x_wconf 59' lang='lat' dir='ltr'>Deicrleleo</span> <span class='ocrx_word' id='word_1_234' title='bbox 1103 2394 1108 2412; x_wconf 93' lang='lat'><strong>:</strong></span> <span class='ocrx_word' id='word_1_235' title='bbox 1151 2381 1271 2412; x_wconf 87' lang='lat' dir='ltr'>acerba</span> <span class='ocrx_word' id='word_1_236' title='bbox 1297 2382 1398 2412; x_wconf 87' lang='lat' dir='ltr'>credo</span> <span class='ocrx_word' id='word_1_237' title='bbox 1425 2391 1500 2411; x_wconf 83' lang='lat' dir='ltr'>esse</span> <span class='ocrx_word' id='word_1_238' title='bbox 1526 2391 1569 2410; x_wconf 88' lang='lat' dir='ltr'>ex</span> 
     </span>
     <span class='ocr_line' id='line_1_34' title="bbox 244 2423 460 2455; baseline 0 -1"><span class='ocrx_word' id='word_1_239' title='bbox 244 2434 356 2454; x_wconf 83' lang='lat' dir='ltr'>amore</span> <span class='ocrx_word' id='word_1_240' title='bbox 373 2423 460 2455; x_wconf 86' lang='lat' dir='ltr'><em>codd.</em></span> 
     </span>
    </p>
   </div>
  </div>
 </body>
</html>
