1773 2750
706 156 1014 195 ADELPHOE
1453 159 1521 196 IV.
1545 169 1575 195 v

197 267 282 305 All.
315 280 405 305 non.
445 267 537 305 ΑΕ.
562 266 724 305 &bsecro
746 267 855 304 non?
884 266 933 303 ein
954 265 1058 303 illam
1076 265 1167 304 hine
1187 266 1368 313 abducet,
1387 268 1524 318 pater?

197 332 283 369 Ml.
317 331 411 381 quid
433 330 536 368 illzim
558 329 597 368 ni
617 330 818 368 abducat?
873 331 965 368 ΑΕ.
998 330 1143 368 ἶέιςωῐῃ
1164 344 1187 369 a
1207 330 1320 370 uobis
1341 331 1488 371 diiriter

198 394 619 444 inmisericorditerque
639 402 756 444 atque
778 393 907 441 etiam,
930 393 962 433 si
982 395 1051 442 est,
1074 402 1193 445 pater,

197 459 409 499 dicendum
433 459 554 509 magis
574 458 716 509 aperte,
740 458 999 498 inlibereiliter.
1543 475 1585 508 30

108 527 173 573 665
195 526 281 563 Ml.
314 537 432 574 quam
473 524 524 562 ob
557 522 670 562 re'm?
743 525 836 562 AE.
869 537 980 574 rogas
1012 526 1107 563 me?
1146 525 1242 575 quid
1274 524 1328 564 illi
1361 527 1522 567 tandem

407 587 562 627 creditis

193 655 274 693 sore
294 653 413 692 zinimi
435 652 575 692 misero
596 652 663 703 qui
685 654 749 691 illa
769 654 975 692 consueuit
995 653 1128 704 prior?

193 718 259 768 qui
280 718 411 757 infelix
431 719 537 757 haud
558 717 639 757 scio
659 718 709 756 ein
730 718 835 757 illam
857 718 996 757 misere
1017 721 1122 757 minc
1142 726 1257 766 amet,

191 796 312 832 quom
334 784 436 821 hanc
456 782 529 821 sibi
550 782 700 822 uidebit
720 782 903 832 praesens
928 783 1120 833 praesenti
1141 783 1248 834 eripi,

190 846 334 886 abdiici
355 847 405 886 ab
426 846 578 886 oculis?
608 846 756 886 faicinus
779 847 995 898 indigmim,
1019 851 1150 897 pater!
1538 867 1578 901 35

103 917 172 959 670
190 913 275 950 Ml.
309 926 386 963 qua
406 911 554 951 rzitione
576 911 704 951 istuc?
733 913 819 962 quis
840 912 1083 963 despondit?
1111 913 1197 962 quis
1218 913 1358 953 dedit?

190 976 283 1026 quoi
305 977 465 1027 qudndo
487 976 648 1027 nupsit?
676 979 811 1015 aiictor
832 976 891 1015 his
912 977 1028 1015 rebiis
1049 976 1136 1027 quis
1157 979 1245 1016 est?

189 1056 288 1091 quor
308 1041 417 1080 diixit
436 1041 634 1081 alienam?
689 1043 781 1080 AE.
814 1042 863 1079 εἰη
885 1042 1021 1081 sedere
1041 1041 1213 1092 opdrtuit

189 1106 297 1145 domi
319 1106 508 1157 uirginem
530 1114 607 1144 tam
629 1106 829 1157 grzindem,
852 1107 948 1145 dum
970 1107 1158 1156 cognatus
1180 1107 1257 1145 huc

188 1170 293 1209 illinc
314 1170 463 1209 ueniret
485 1170 776 1221 exspectantem
794 1172 810 1208 ?
839 1171 946 1216 haec,
971 1171 1024 1208 nn'
1044 1178 1163 1221 pater,
1536 1187 1579 1220 40

101 1239 165 1284 675
188 1242 225 1273 te
247 1236 375 1274 dicere
396 1248 565 1285 aequom
588 1234 658 1273 fiiit
679 1242 717 1273 et
737 1234 778 1273 id
799 1234 1021 1274 defendere.

186 1301 272 1338 ML
305 1300 511 1340 ridiculum
529 1316 536 1339 :
566 1302 831 1340 aduorsumne
852 1302 961 1339 illum
983 1315 1140 1340 causam
1162 1302 1333 1341 dicerem

187 1367 280 1417 quoi
302 1367 486 1407 ueneram
507 1368 756 1407 aduocatus?
785 1368 854 1407 sed
876 1367 972 1418 quid
993 1367 1074 1415 ista,
1099 1368 1308 1417 Aeschine,

186 1434 346 1471 nostra?
374 1436 441 1471 aiit
461 1432 556 1483 quid
577 1432 691 1472 nobis
711 1446 802 1471 cum
822 1432 926 1472 illis?
953 1433 1151 1472 abeamiis.
1193 1434 1288 1484 quid
1305 1436 1392 1473 est?

186 1498 282 1547 quid
310 1499 530 1537 lacrumas?
585 1499 677 1536 ΑΕ.
711 1505 829 1548 pater,
857 1498 1032 1546 (Sbsecm,
1058 1500 1244 1537 ausculta.
1303 1501 1389 1538 Ml.
1421 1501 1515 1540 Aes-
1535 1511 1575 1543 45

400 1562 525 1609 chine,
549 1562 683 1601 audiui
710 1562 844 1601 &mnia

98 1629 166 1664 680
186 1625 223 1665 e't
239 1626 348 1675 sci03
377 1640 468 1665 nam
489 1627 526 1666 te'
546 1640 636 1666 amo
654 1643 660 1666 :
691 1641 770 1677 quo
792 1627 914 1678 magis
935 1627 1035 1678 quae
1056 1628 1136 1678 agis
1158 1642 1273 1668 curae
1293 1632 1383 1669 siint
1405 1630 1510 1669 mihi.

183 1692 276 1730 AE.
314 1692 365 1730 ita
385 1691 504 1730 uelim
527 1705 589 1731 me
609 1693 898 1742 prcSmerentem
919 1692 1038 1740 ames,
1061 1694 1156 1732 dum
1178 1693 1299 1741 ninas,
1319 1695 1372 1733 mi
1391 1703 1511 1745 pater,

184 1759 225 1794 iit
241 1770 303 1795 me
317 1758 393 1796 hoe
407 1757 594 1796 delictum
609 1757 813 1796 admisisse
827 1757 866 1796 in
882 1771 954 1804 me,
972 1759 1011 1797 id
1029 1758 1123 1796 mihi
1138 1759 1393 1798 uehementer
1406 1761 1514 1799 dolet

183 1821 220 1859 e't
235 1835 297 1860 me
314 1821 368 1860 tui
382 1821 514 1872 pudet.
551 1823 636 1860 Ml.
660 1823 778 1861 credo
792 1823 921 1861 hercle
937 1837 946 1869 3
967 1836 1057 1860 narn
1074 1823 1274 1873 ingenium
1292 1825 1386 1863 noui
1402 1832 1512 1864 tuom

183 1887 364 1934 liberale3
394 1886 463 1925 se'd
484 1900 621 1925 uereor
641 1900 690 1925 ne
712 1886 919 1937 indiligens
940 1887 1105 1925 nimii'im
1127 1888 1212 1927 sies.
1532 1905 1573 1937 50

96 1958 160 2001 685
184 1951 222 1989 in
243 1965 321 2002 qua
341 1951 498 1990 ciuitz'tte
520 1953 680 1990 tandem
702 1959 739 1990 te
759 1951 943 1991 zirbitrare
965 1953 1127 1991 uiuere?

182 2016 371 2067 uirginem
393 2016 535 2055 uitizisti
557 2030 675 2067 quam
697 2024 734 2055 te
754 2017 833 2056 n6n
855 2016 913 2055 ius
934 2018 1057 2056 fuerat
1078 2018 1244 2068 ts'tngere.

182 2079 259 2119 iarn
286 2082 324 2120 id
352 2089 557 2132 peccatum
589 2082 756 2131 primum
787 2094 985 2132 magnum,
1010 2083 1200 2131 mcignmn,
1222 2091 1261 2121 at
1291 2084 1508 2124 humantim

395 2155 525 2186 tamen
546 2162 553 2185 t

225 2252 289 2282 666
313 2251 368 2282 illa
393 2251 426 2282 A
443 2263 448 2281 :
475 2261 549 2282 cum
566 2251 621 2282 illa
639 2255 747 2282 contra
765 2254 909 2282 metrum
927 2262 1002 2282 cum
1022 2255 1044 2282 Σ
1059 2251 1209 2282 Donatus
1331 2254 1394 2291 667
1419 2259 1508 2285 amet

183 2293 317 2326 AD1G:
343 2300 431 2326 amat
445 2298 510 2326 celt.
642 2296 708 2326 668
725 2295 897 2335 praesenti
919 2294 1007 2326 codd.
1023 2305 1029 2324 τ
1055 2300 1269 2334 praesentem
1290 2295 1419 2336 Bentley
1431 2308 1506 2327 cum

182 2337 300 2368 Seruio
429 2339 494 2376 670
517 2337 591 2377 quis
612 2338 686 2375 (bis)
705 2341 750 2369 2:
774 2339 830 2378 qui
847 2338 880 2369 A
1014 2338 1077 2377 673
1102 2339 1166 2369 huc
1187 2338 1295 2370 codd.:
1332 2339 1410 2371 hinc
1432 2351 1507 2371 cunt

181 2379 314 2411 Donato
335 2380 467 2420 Bmlley
555 2382 618 2419 684
643 2381 799 2421 indiliges
820 2381 853 2411 A
987 2382 1049 2419 687
1075 2392 1231 2421 magnum
1249 2383 1509 2422 gemt'11aucrunt

181 2423 330 2454 Muretus
345 2428 373 2454 et
388 2425 555 2456 Fa:²'rnus:
582 2424 722 2464 primum
741 2434 865 2464 agnum
883 2423 914 2454 A
929 2435 935 2454 :
965 2425 1107 2464 primum
1125 2435 1282 2465 magnum
1299 2425 1349 2456 Al

223 2487 298 2508 TER.
317 2487 467 2509 ADELPH.
1376 2497 1420 2530 ²0
