1773 2750
163 114 216 150 ΙΙ.
239 114 267 150 ii
658 116 699 151 P.
731 114 983 152 TERENTI
1014 114 1147 152 AFRI

239 223 309 274 pro
330 223 523 264 maleficio
544 225 576 263 si
595 223 832 263 beneficium
854 226 1052 263 summum
1074 225 1213 263 nolunt
1233 224 1407 263 reddere.

243 290 334 328 GE.
366 290 445 328 n6n
467 297 559 340 pote
580 290 671 328 satis
692 303 762 339 pro
783 289 922 328 merito
941 290 992 328 ab
1013 290 1078 328 illo
1098 289 1168 327 tibi
1190 289 1317 327 referri
1337 289 1469 339 gratia.

237 354 331 392 ΡΗ
363 356 485 393 immo
505 355 610 393 enim
631 367 749 393 nemo
770 354 861 393 satis
881 367 952 405 pro
973 354 1111 393 merito
1130 353 1291 404 gratiam
1312 355 1391 404 regi
1410 355 1535 392 refert.

178 432 216 463 ²5
239 418 329 457 tene
348 420 596 469 asymbolum
618 419 752 458 uenire
772 426 936 458 unctum
957 420 1074 469 atque
1094 420 1244 457 lautum
1265 432 1286 457 e
1306 418 1481 466 balineis,

238 483 408 522 otiosum
429 484 480 522 ab
500 484 644 531 animo,
667 497 788 534 quom
809 483 873 523 ille
894 492 932 523 et
952 486 1046 522 cura
1067 491 1105 522 et
1125 490 1285 533 sumptu
1305 482 1522 521 absumitur
1539 486 1545 521 l
1583 492 1652 527 340

237 548 333 586 dum
354 547 425 586 tibi
446 549 488 587 fit
508 549 616 598 quod
637 549 801 599 placeat,
822 548 886 587 ille
906 548 1089 599 ringitur:
1119 556 1161 586 tu
1182 548 1319 594 rideas,

237 613 340 661 prior
360 611 483 660 bibas,
505 612 609 663 prior
628 613 844 652 decumbas
859 628 869 661 ,·
899 612 996 652 ce'na
1015 612 1137 652 dubia
1155 611 1377 662 adponitur.

241 677 332 716 GE.
365 678 461 727 quid
481 677 580 716 istuc
601 677 778 716 uerbist?
832 679 927 716 ΡΗ
959 677 1026 717 ubi
1054 685 1095 716 tu
1122 677 1279 716 dubites
1307 677 1403 727 quid
1432 690 1563 715 sumas

450 743 725 791 potissumum.

176 820 216 851 30
235 804 332 845 haec
362 819 484 856 quom
511 806 702 845 rationem
730 808 837 845 ineas
864 819 983 857 quam
1011 806 1087 845 sint
1112 806 1247 845 suauia
1267 813 1304 845 et
1329 819 1447 856 quam
1475 806 1562 845 cara

449 870 537 917 sint,

234 935 279 974 ea
299 934 367 985 qui
386 935 557 985 praebet,
577 935 658 973 non
678 942 719 973 tu
740 935 846 973 hunc
859 935 1005 974 habeas
1021 934 1137 985 plane
1152 934 1397 984 praesentem
1412 936 1561 973 deum?
1580 945 1644 980 345

238 1000 329 1039 GE.
361 998 480 1038 se'nex
498 1000 610 1037 adest
629 1013 635 1038 ι
665 999 758 1038 uide
778 1000 873 1049 quid
893 1012 1007 1049 agas:
1036 999 1162 1050 prima
1177 999 1333 1038 c6itiost
1348 999 1558 1038 ace'rruma.

233 1063 264 1102 si
285 1064 371 1104 eam
392 1063 631 1112 sustinueris,
654 1064 809 1116 postilla
828 1063 906 1103 iam
925 1067 968 1104 ut
987 1065 1097 1104 lubet
1116 1064 1228 1104 ludas
1249 1064 1350 1103 licet.

168 1215 212 1253 iii
269 1216 538 1253 DEMlPHo
649 1216 835 1253 HEGIO
945 1216 1236 1254 CRATINVS
1346 1216 1524 1255 CRITO

634 1281 900 1318 PHORMlo
1010 1281 1160 1318 GETA

228 1379 327 1417 DE.
361 1379 614 1429 Emimquam
636 1377 852 1429 quoiquam
874 1377 1197 1418 contumeliosius

227 1442 391 1482 audistis
412 1444 555 1481 factam
576 1443 756 1481 iniuriam
777 1456 896 1493 quam
917 1444 1014 1482 haec
1035 1442 1092 1482 est
1113 1443 1238 1482 mihi?

226 1507 362 1546 adeste
382 1520 541 1557 quaeso.
604 1509 695 1547 GE.
727 1507 844 1546 iratus
865 1515 934 1546 est.
991 1509 1086 1547 ΡΗ
1117 1508 1212 1558 quin
1234 1514 1275 1546 tu
1297 1508 1373 1547 hoc
1392 1521 1486 1559 age:
1575 1519 1643 1554 350

227 1571 304 1609 iam
325 1585 398 1622 ego
419 1573 524 1610 hunc
544 1572 713 1622 agitabo.
771 1573 842 1622 pro
862 1573 982 1611 deum
1006 1572 1286 1622 inmortalium,

189 1652 206 1683 5
226 1644 342 1686 negat
363 1636 559 1675 Phanium
579 1650 665 1676 esse
684 1638 787 1675 hanc
807 1637 881 1676 sibi
901 1645 1109 1688 cognatam
1132 1637 1362 1688 Demipho?

225 1702 327 1740 hanc
350 1701 551 1751 De'mipho
572 1709 687 1751 negat
708 1701 792 1741 esse
812 1703 1049 1753 cognatam?
1109 1704 1200 1742 GE.
1232 1711 1359 1753 negat.

222 1767 317 1805 ΡΗ
349 1779 478 1817 neque
499 1767 582 1805 eius
602 1774 752 1817 patrem
773 1781 815 1806 se
835 1769 932 1807 scire
952 1768 1019 1819 qui
1039 1769 1182 1807 fuerit?
1242 1770 1334 1808 GE.
1370 1776 1496 1819 negat.

222 1834 322 1871 DE.
353 1832 482 1882 ipsum
504 1831 589 1871 esse
609 1832 750 1883 opinor
769 1832 819 1872 de
841 1846 920 1884 quo
936 1834 1124 1885 agebam:
1155 1833 1377 1884 sequimini.
1570 1842 1634 1878 355

224 1895 333 1949 [ΡΗ
365 1910 438 1935 nec
459 1896 707 1947 Stilphonem
727 1897 857 1948 ipsum
877 1898 974 1938 seire
990 1898 1057 1949 qui
1077 1898 1222 1937 fuerit?
1282 1899 1374 1938 GE.
1406 1897 1550 1952 negat]

165 1976 203 1999 10
221 1962 315 1999 ΡΗ
346 1961 438 2011 quia
458 1961 576 2011 ege'ns
596 1962 765 2001 relictast
786 1964 936 2011 misera,
954 1963 1152 2013 ignoratur
1172 1976 1322 2014 parens,

220 2025 434 2076 neclegitur
454 2026 537 2077 ipsa
556 2042 563 2065 :
593 2028 685 2066 uide
705 2027 866 2066 auaritia
886 2029 982 2077 quid
1002 2027 1104 2066 facit.

229 2090 318 2130 GE.
349 2091 381 2130 si
402 2104 510 2131 erum
532 2091 776 2130 insimulabis
800 2092 979 2140 malitiae,
1003 2094 1104 2131 male
1123 2091 1272 2131 andies.

261 2204 325 2234 337
350 2200 431 2235 pote
454 2195 608 2236 Bentley:
632 2202 744 2237 potest
769 2196 857 2228 codd.
994 2207 1057 2236 347
1082 2202 1157 2237 post
1181 2196 1270 2227 illam
1294 2196 1378 2230 AF:
1415 2198 1546 2238 postilla

219 2238 284 2269 iam
315 2238 366 2269 Α2
397 2243 460 2271 cett.
597 2249 659 2280 351
685 2240 730 2271 sic
758 2240 880 2272 ABG:
920 2241 1020 2272 fidem
1053 2245 1163 2272 contra
1195 2244 1338 2271 metrum
1370 2241 1447 2273 add.
1477 2246 1541 2273 cett.

216 2283 280 2320 356
304 2281 447 2313 damnat
468 2281 618 2323 Bentley:
651 2288 789 2315 ceterum
819 2285 870 2315 ln'c
889 2288 918 2315 e!
940 2284 1014 2315 aliis
1037 2285 1069 2315 in
1094 2284 1168 2315 locis
1191 2284 1247 2314 ubi
1269 2295 1388 2315 nomen
1411 2287 1547 2316 occurrit

216 2325 356 2356 litteram
373 2327 558 2366 aspiratam
578 2326 671 2358 hahet
687 2327 821 2368 Stilpho
946 2337 1012 2368 359
1036 2328 1121 2359 male
1140 2328 1256 2360 audies
1273 2327 1360 2359 codd.
1380 2340 1386 2359 :
1411 2329 1542 2359 audibis

217 2368 302 2400 male
322 2369 497 2401 Fleckeisen
