1773 2750
138 94 183 130 V.
204 92 250 128 ix
628 94 664 129 P.
697 93 949 129 TERENTI
982 93 1114 129 AFRI

205 204 326 243 homo
345 205 577 243 adulescens
599 205 630 242 si
651 204 770 242 habet
793 217 911 242 unam
934 205 1113 251 amicam,
1137 211 1177 242 tu
1199 203 1337 242 uxores
1357 204 1487 242 duas?
1764 212 1770 260 J

204 269 257 306 nil
278 270 455 318 pudere?
484 282 564 319 quo
585 269 651 307 ore
672 268 782 307 illum
805 268 1059 320 obiurgabis?
1088 267 1284 319 responde'
1305 267 1411 306 mihi.

203 335 302 372 DE.
334 333 448 373 faciet
470 342 511 372 ut
535 333 656 373 uoles.
715 335 812 373 NA.
844 334 967 373 immo
994 341 1036 372 ut
1064 347 1192 372 meam
1219 333 1296 372 iam
1324 332 1422 371 scias
1450 346 1532 371 sen-

420 398 593 446 tentiam,

143 475 184 507 55
205 461 334 514 neque
355 476 427 514 ego
448 463 610 514 ignosco
632 463 761 514 neque
781 463 968 515 promitto
989 466 1201 515 quicquam
1223 477 1352 514 neque
1376 463 1532 514 respon-

419 529 494 567 deo
1108 546 1111 548 ·

202 594 306 643 prius
327 606 447 644 quam
467 601 630 644 gnatum
651 595 811 633 uidero:
843 594 925 633 eius
946 594 1093 634 iudicio
1114 594 1297 645 permitto
1317 594 1462 633 omnia.
1555 604 1640 639 1043

201 659 309 708 quod
330 658 361 697 is
382 657 533 697 iubebit
554 658 705 698 faciam.
759 661 854 698 PH
877 659 1015 698 mulier
1031 659 1185 710 sapiens
1202 673 1254 707 es,
1273 660 1529 698 Nausistrata.

200 724 295 762 NA.
328 723 437 762 Satin
462 723 599 763 tibist?
666 726 765 763 DE.
796 726 902 763 satis.
977 726 1065 764 CH
1099 726 1220 763 immo
1252 738 1346 763 uero
1370 724 1531 775 ptilchre

417 789 581 828 discedo
603 789 641 828 et
662 790 785 839 probe

201 855 239 893 e't
260 861 411 904 praeter
437 868 559 904 spem.
619 856 715 892 NA.
748 857 789 892 tii
817 861 927 893 tuom
958 868 1105 894 nomen
1132 856 1196 894 dio
1224 854 1319 894 mihi
1347 854 1442 905 quid
1470 855 1529 894 sit.

417 922 511 959 PH
544 920 758 959 Phormio:

141 992 183 1024 60
202 986 355 1024 nostrae
377 985 545 1025 familiae
567 985 697 1025 hercle
718 985 867 1025 amicus
889 986 927 1025 et
948 994 1017 1026 tuo
1037 1001 1214 1025 summus
1237 988 1464 1026 Phaedriae.
1489 1014 1493 1017 -

201 1052 298 1089 NA.
330 1051 528 1099 Phormio,
544 1059 583 1090 at
599 1065 672 1102 ego
689 1052 840 1091 ecastor
856 1053 1021 1102 posthae
1042 1052 1111 1091 tibi
1128 1054 1236 1103 quod
1258 1061 1406 1103 potem,
1423 1054 1530 1103 quod
1556 1061 1644 1097 1050

417 1118 526 1156 uoles

200 1181 421 1233 faciamque
445 1189 483 1221 et
509 1182 652 1221 dicam.
711 1184 805 1222 PH
838 1182 1007 1234 benigne
1034 1183 1143 1222 dicis.
1201 1185 1298 1222 NA.
1330 1185 1396 1234 pol
1424 1184 1533 1223 meri-

417 1249 537 1286 trimst
559 1255 679 1287 tuom.

200 1315 293 1352 PH
326 1314 393 1351 uin
423 1312 592 1363 primum
622 1313 741 1353 hodie
776 1314 902 1353 facere
930 1315 1039 1364 quod
1067 1327 1139 1364 ego
1165 1312 1373 1364 gafideam,
1395 1316 1533 1354 Nausi-

416 1385 544 1425 strata,

201 1446 238 1481 et
260 1444 368 1494 quod
390 1451 457 1482 tuo
479 1443 562 1483 uiro
585 1444 688 1483 oculi
711 1446 901 1484 doleant?
957 1446 1052 1483 NA.
1086 1444 1213 1495 eripio.
1272 1447 1365 1484 PH
1400 1460 1462 1485 me
1482 1447 1532 1485 ad

419 1508 557 1547 cenam
579 1522 690 1548 noca.

141 1573 181 1614 65
201 1575 298 1613 NA.
330 1574 396 1624 pol
429 1588 522 1612 uero
554 1588 666 1614 uoco.
726 1577 825 1613 DE.
862 1577 997 1614 eamus
1028 1575 1130 1614 intro
1162 1575 1265 1614 hinc.
1323 1577 1418 1614 NA.
1452 1578 1529 1615 fiat.

419 1640 488 1678 sed
510 1639 614 1678 ubist
637 1640 831 1679 Phae'dria

200 1703 317 1743 itidex
347 1708 510 1744 noster?
580 1707 674 1744 PH
719 1705 797 1744 iam
827 1707 891 1745 hie
921 1708 1008 1745 faxo
1037 1706 1171 1745 aderit.
1237 1708 1426 1747 Cam-TOR.
1460 1708 1531 1746 uos
1558 1719 1641 1755 1055

418 1771 546 1809 ualete
567 1778 604 1810 et
625 1770 810 1822 plaridite.

247 1884 327 1913 1047
354 1875 435 1905 satis
461 1874 534 1907 add.
563 1875 713 1906 Krausse
850 1877 932 1915 1048
957 1876 1151 1907 Fleckeisen:
1175 1876 1265 1915 quod
1292 1876 1386 1916 (quid
1411 1876 1443 1905 A
1479 1880 1531 1906 est

201 1918 275 1949 PH.
303 1919 429 1950 mihin?
457 1918 617 1949 Phormio
642 1918 777 1950 BCDP.
841 1920 964 1950 immo.
986 1944 992 1950 .
1015 1944 1021 1950 .
1040 1930 1134 1960 spem
1159 1919 1371 1950 Plzormiom's
1394 1923 1473 1949 sunt
1498 1921 1531 1950 iaz

204 1961 288 1993 codd.
444 1972 524 2002 1054
551 1973 667 1993 eamus
693 1965 782 1993 intro
809 1963 887 1995 hine
914 1965 946 1994 1'11
972 1963 1044 1994 AD
1064 1963 1277 1994 Plzornu'om's
1300 1967 1387 2003 snut,
1421 1963 1532 1993 Demi-

200 2005 318 2045 phonis
334 2006 367 2036 in
385 2009 449 2037 cett.
