1773 2750
755 133 1058 172 EVNVCHVS
1526 134 1571 170 V.
1594 134 1608 169 i

245 247 333 283 ΡΥ.
365 244 462 295 quid
482 245 679 283 facerem?
708 242 761 281 ita
780 250 823 281 ut
843 250 884 281 tu
906 242 1006 288 iusti,
1031 242 1102 281 soli
1123 241 1316 280 cre'ditaSt.
1600 256 1635 286 15

254 312 340 348 TH.
372 309 545 356 seele'sta,
568 311 662 359 lupo
682 321 799 346 ouem
820 306 1062 346 commisisti.
1122 307 1308 357 dispudet

247 374 303 413 sic
324 374 419 412 mihi
439 375 531 413 data
550 386 635 412 esse
655 372 786 411 uerba.
846 372 942 423 quid
963 372 1060 410 illud
1080 371 1252 410 hominis
1273 373 1361 410 est?

245 441 333 477 ΡΥ.
365 453 429 477 era
449 438 546 485 mea,
570 446 655 476 tace
675 445 761 476 tace
782 438 958 485 obsecro,
982 435 1112 475 saluae
1133 450 1268 475 sumus
1285 452 1292 474 :

160 506 224 548 835
246 504 436 542 habemus
462 503 665 542 hominem
692 502 832 553 ipsum.
898 504 985 540 TH.
1018 501 1086 540 tibi
1112 501 1143 539 is
1173 503 1261 540 est?
1315 503 1403 539 ΡΥ.
1436 515 1499 540 em
1524 503 1574 540 ad

459 569 689 607 sinisteram.

243 633 393 672 uiden?
444 635 532 671 TH.
555 634 684 671 uideo.
740 634 829 670 ΡΥ.
853 633 1072 682 conprendi
1091 631 1193 678 iube,
1217 633 1409 681 quantum
1431 638 1570 681 potest.
1595 641 1635 663 20

248 699 336 735 TH.
369 697 465 747 quid
485 697 552 736 illo
572 696 771 743 faciemus,
795 698 941 735 stulta?
997 696 1085 734 ΡΥ.
1118 695 1214 745 quid
1234 695 1363 742 facias,
1387 697 1528 745 rogas?

242 761 334 800 uide
353 762 507 808 ameibo,
532 761 562 800 si
583 776 674 808 non,
697 775 819 812 quom
841 761 1018 811 dspicias,
1041 775 1085 800 os
1106 762 1302 811 inpudens

241 825 419 864 uide'tur!
483 828 570 864 TH.
594 840 674 864 non
690 828 779 865 est?
833 827 922 864 ΡΥ.
946 828 1030 864 tum
1051 839 1151 875 quae
1168 825 1250 863 eius
1271 824 1547 864 confidentiast
1565 828 1571 862 1

440 954 712 992 CHAEREA
823 953 1002 990 THA1S
1115 953 1364 989 PYTHIAS
1589 949 1617 985 ii

156 1041 224 1083 840
244 1042 334 1079 CH.
366 1041 487 1090 Apud
507 1029 778 1090 Antiphonem
800 1038 974 1089 uterque,
998 1046 1121 1077 mater
1141 1037 1178 1077 et
1198 1046 1317 1089 pater,

241 1105 351 1155 quasi
372 1104 506 1144 de'dita
526 1118 645 1155 opera
664 1103 774 1143 domi
795 1112 913 1150 erant,
938 1111 980 1142 ut
1000 1104 1109 1142 nullo
1130 1104 1251 1142 modo

240 1169 342 1208 intro
363 1171 417 1208 ire
437 1183 595 1220 possem
617 1170 711 1219 quin
733 1168 913 1207 uiderent
934 1182 1008 1207 me.
1068 1167 1222 1206 interim

240 1236 335 1273 dum
357 1242 448 1273 ante
469 1233 612 1273 ostium
634 1241 705 1280 sto,
729 1233 846 1272 notus
867 1233 962 1271 mihi
984 1232 1145 1283 quidam
1167 1231 1326 1271 obuiam

240 1301 357 1338 uenit.
418 1299 485 1338 ubi
506 1298 598 1346 uidi,
622 1312 695 1349 ego
718 1312 780 1336 me
801 1300 841 1336 1'n
861 1299 982 1348 pedes
1003 1299 1194 1348 quantum
1216 1311 1320 1347 queo
1592 1308 1609 1338 5

155 1369 218 1412 845
240 1364 279 1402 in
300 1364 548 1415 zingiportum
569 1364 773 1414 quoddam
793 1364 1003 1409 desertum,
1026 1363 1118 1400 inde
1138 1361 1232 1400 item

238 1428 278 1466 in
298 1428 416 1476 ziliud,
439 1428 531 1467 inde
551 1426 592 1466 in
612 1427 718 1466 ziliud
735 1443 742 1466 :
772 1427 825 1465 ita
846 1426 1097 1465 miserrumus

238 1493 294 1530 fui
313 1493 527 1544 fugitando,
550 1491 599 1530 ne
620 1491 707 1542 quis
728 1505 792 1530 rne
813 1492 1078 1542 cognosceret.

239 1558 309 1596 sed
329 1557 438 1597 estne
459 1559 556 1596 haec
576 1558 698 1595 Tha'ss
721 1556 840 1607 qudm
861 1555 1009 1595 uideo?
1037 1555 1168 1607 ipsast.
1227 1555 1370 1595 haereo

239 1621 334 1672 quid
354 1622 506 1661 feiciam.
565 1620 661 1672 quid
683 1634 771 1660 mea
791 1622 954 1659 autem?
983 1620 1079 1670 quid
1099 1620 1216 1659 faciet
1236 1620 1361 1659 mihi?
1594 1642 1632 1663 10

153 1685 220 1729 350
245 1689 332 1725 ΤΗ
364 1688 562 1726 adecimus.
620 1687 727 1725 bone
747 1686 806 1724 uir
828 1687 945 1733 Dore,
969 1687 1099 1725 salue:
1129 1687 1193 1724 dic
1215 1685 1321 1732 mihi,

236 1752 476 1803 aufugistin?
534 1753 625 1791 CH.
658 1765 731 1798 era,
756 1751 914 1789 filetum.
981 1753 1069 1789 ΤΗ
1102 1751 1225 1789 satine
1246 1750 1286 1790 id
1306 1750 1376 1790 tibi
1397 1753 1554 1801 placet?

239 1817 329 1855 CH.
361 1830 453 1856 non.
518 1818 606 1855 TH.
632 1815 767 1854 cre'din
788 1822 826 1854 te
847 1815 993 1866 inpune
1014 1815 1269 1854 habiturum?
1326 1817 1417 1855 CH.
1447 1830 1564 1855 unam

451 1883 553 1920 hanc
574 1880 731 1920 noxiam

236 1948 394 1985 amitte:
424 1946 456 1985 si
475 1946 591 1985 aliam
611 1947 806 1984 admisero
828 1959 1028 1995 umquam,
1052 1946 1235 1985 ocex'dito.

243 2014 330 2051 TH.
361 2025 456 2051 num
492 2012 620 2051 mezim
654 2011 856 2050 saeuitiam
891 2010 1036 2049 ueritus
1066 2013 1136 2050 es?
1193 2013 1285 2050 CH.
1316 2025 1408 2050 non.
1473 2015 1561 2051 ΤΗ.
1586 2027 1622 2057 15

449 2078 545 2128 quid
565 2076 707 2127 igitur?

278 2182 339 2221 831
365 2182 508 2214 facerem
533 2182 657 2213 misera
680 2185 709 2213 et
732 2182 854 2213 iussisti
875 2181 922 2212 Α1
1065 2183 1129 2222 832
1154 2182 1232 2223 lupo
1250 2194 1347 2213 ouem
1366 2183 1560 2214 Fleckeisen:

233 2236 332 2257 ouem
372 2226 452 2265 lupo
483 2225 571 2256 codd.
718 2227 781 2265 835
815 2226 1008 2257 sinisteram
1039 2226 1210 2257 Fae'rnus:
1249 2227 1419 2256 sinistram
1469 2226 1554 2257 codd.

234 2270 298 2308 836
322 2269 463 2300 uidesne
479 2268 582 2299 ADG
679 2270 755 2300 iube
773 2271 1013 2309 comprehendi
1030 2269 1126 2300 DEG
1257 2270 1320 2309 839
1341 2274 1558 2309 personarum

234 2317 326 2343 notas
347 2312 527 2343 secundum
546 2311 685 2344 D²G³E2
701 2313 873 2344 distribui:
905 2314 1001 2344 uerba
1016 2314 1097 2352 quid
1116 2314 1216 2344 facias
1234 2338 1241 2344 .
1262 2337 1270 2345 .
1291 2337 1298 2344 .
1320 2314 1557 2344 confidentiast

233 2356 368 2395 Pythiae
388 2357 582 2387 continuant
611 2360 673 2388 cett.
847 2358 911 2395 844
935 2368 999 2396 ego
1032 2368 1085 2387 me
1116 2356 1267 2396 Bentley:
1301 2361 1437 2396 egomet
1469 2356 1555 2387 codd.

233 2400 297 2436 846
322 2400 399 2430 inde
413 2400 474 2430 ΑΣ
490 2412 496 2430 :
521 2401 644 2431 deinde
662 2399 708 2430 Αι
726 2411 731 2432 :
758 2401 799 2431 de
816 2401 947 2431 indm-st
962 2401 1008 2431 A*
