1773 2750
792 85 1011 121 ANDRIA
1483 90 1556 126 III.
1580 89 1592 126 i

719 229 953 277 ACTVS
995 231 1072 277 III

238 330 413 366 MYSIs
470 329 608 366 Smo
670 329 855 366 DAvos
917 330 1121 367 LEsss1A
1184 331 1590 384 (GLYCERIVM)i

233 405 292 442 M
294 405 333 443 Y.
367 406 426 442 Ita
446 405 513 454 pol
534 403 695 454 quidem
716 411 802 450 rest,
827 407 868 442 tit
889 408 930 442 tu
951 404 1057 451 dixti,
1082 405 1248 444 Lesbia:

83 485 89 490 ·
145 477 215 519 460
234 469 390 507 fidelem
411 469 518 506 haud
538 469 658 507 ferme
679 467 829 506 miilieri
850 468 1027 507 inuenias
1048 469 1186 508 uirum.

232 535 297 572 Sl.
319 534 369 572 ab
390 523 576 571 Andriast
591 534 732 571 ancilla
752 534 880 572 haec?
921 535 1018 571 DA.
1041 534 1137 583 quid
1153 536 1313 575 narras?
1370 539 1434 576 SI.
1458 538 1556 577 itast.

230 599 333 637 MY.
365 599 434 636 sed
469 597 533 636 hic
568 597 796 647 Pamphilus
826 599 891 636 SI.
924 597 1019 648 quid
1049 598 1172 637 dicit?
1254 602 1358 640 AJJ'.
1391 603 1558 641 firmauit

443 663 574 701 fidem.
633 663 699 701 SI.
731 664 833 701 hem.

229 729 326 767 DA.
358 727 507 766 utinam
528 730 594 765 adt
615 726 678 765 hic
700 728 839 767 surdus
859 731 925 766 alit
946 729 1043 767 haec
1064 737 1172 768 muta
1192 730 1294 769 sacta
1313 731 1384 770 sit!
1577 741 1594 772 5

228 795 287 831 M
293 795 331 831 Y.
362 806 453 831 nam
475 793 582 842 qu6d
598 792 810 842 peperisset
831 791 941 830 iiissit
961 793 1056 832 tolli.
1115 795 1180 833 SI.
1212 808 1236 833 o
1258 796 1443 846 Irippiter,

139 866 205 911 465
227 857 322 907 quid
344 871 416 907 ego
436 856 584 895 atidio?
640 864 819 902 actumst,
844 856 1039 906 siquidem
1060 859 1157 896 haee
1178 872 1270 897 uera
1290 860 1500 909 praedicat.

225 920 314 957 LE.
338 920 487 957 bonum
509 917 707 968 ingenium
730 932 860 956 narras
880 918 1153 958 adulescentis.
1208 923 1311 959 MY.
1334 922 1553 972 optumum.

226 985 294 1022 sed
316 984 478 1034 sequere
499 996 562 1021 me
583 983 694 1030 intro,
715 997 763 1021 ne
785 984 825 1020 1'n
846 997 954 1022 mora
975 983 1028 1021 illi
1049 986 1111 1022 sis.
1169 987 1258 1024 LE.
1290 999 1500 1036 sequor.—

224 1050 320 1086 DA.
350 1049 458 1098 quod
479 1047 696 1086 remedium
718 1061 823 1086 nunc
845 1049 935 1086 huic
959 1050 1060 1086 malo
1082 1048 1311 1089 inueniam?
1367 1052 1432 1090 Sl.
1458 1052 1553 1101 quid
1578 1070 1615 1092 10

439 1114 544 1151 hoe?

222 1180 376 1218 adeone
396 1185 453 1218 est
474 1179 668 1217 demens?
699 1178 743 1217 ex
764 1178 994 1229 peregrina?
1023 1179 1099 1218 iam
1121 1180 1225 1219 scio:
1255 1182 1316 1228 ah,

134 1259 204 1293 470
223 1246 287 1284 uix
308 1246 467 1284 tandem
490 1244 592 1284 sensi
615 1245 791 1283 stolidus.
850 1247 947 1283 DA.
979 1245 1074 1295 quid
1095 1245 1158 1283 hic
1179 1247 1346 1285 sensisse
1366 1249 1449 1285 ait?

222 1314 288 1351 SI.
320 1313 416 1350 haec
437 1313 606 1362 primum
627 1312 798 1350 adfertur
819 1311 896 1349 iam
918 1311 971 1349 mi
991 1312 1041 1350 ab
1062 1313 1139 1350 hoc
1160 1312 1333 1351 fallacia:

222 1378 322 1415 hanc
344 1378 528 1415 simulant
550 1389 693 1426 parere,
718 1377 798 1426 quo
820 1377 1071 1415 Chremetem
1093 1376 1345 1415 absterreant.

220 1442 347 1491 (GL.)
380 1442 481 1480 Iuno
503 1441 663 1487 Lucina,
688 1441 743 1479 fe'r
763 1454 891 1491 opem,
915 1455 1026 1479 serua
1046 1455 1119 1489 me,
1143 1442 1320 1481 obsecro.
1574 1458 1610 1489 15

219 1507 285 1545 Sl.
317 1505 399 1553 hui,
419 1507 498 1544 tam
519 1506 626 1544 cito?
656 1505 862 1544 ridiculum
880 1521 887 1544 ε
918 1514 1126 1557 postquam
1147 1514 1238 1546 ante
1259 1507 1402 1546 ostium

130 1587 196 1623 475
220 1584 282 1610 me
302 1570 453 1610 audiuit
473 1578 584 1618 stare,
607 1571 853 1621 adproperat.
913 1585 993 1610 non
1014 1579 1071 1610 sat
1093 1573 1304 1611 commode

217 1635 343 1674 diuisa
364 1643 454 1673 sunt
474 1635 717 1686 temporibus
738 1636 819 1683 tibi,
845 1638 968 1683 Daue,
992 1636 1100 1675 haec.
1157 1638 1255 1675 DA.
1287 1637 1441 1676 mihin?

217 1702 283 1739 SI.
307 1714 402 1739 num
422 1700 658 1740 inmemores
677 1701 887 1752 discipuli?
932 1703 1030 1740 DA.
1054 1701 1126 1752 ego
1143 1701 1238 1752 quid
1256 1715 1385 1742 narres
1399 1703 1544 1743 nescio.

217 1766 283 1803 SI.
314 1765 444 1804 hicine
465 1779 527 1804 me
548 1765 579 1803 si
600 1765 820 1816 inparatum
841 1765 880 1804 in
901 1766 1002 1804 ueris
1023 1766 1168 1816 miptiis
1568 1781 1607 1802 20

216 1831 375 1869 adortus
397 1838 508 1878 esset,
532 1832 631 1880 quos
653 1844 715 1870 me
736 1832 850 1870 ludos
871 1831 1049 1870 redderet
1067 1834 1072 1869 ἓ

128 1899 198 1943 480
215 1908 321 1934 nunc
341 1896 456 1934 huius
478 1895 623 1946 periclo
645 1896 697 1942 fit,
722 1909 794 1946 ego
816 1895 854 1933 in
875 1903 989 1946 portu
1011 1895 1164 1947 na'uigo.

504 1985 707 2021 lesssiA
818 1985 957 2021 Slmo
1070 1986 1255 2023 DAvos
1561 1974 1589 2010 ii

214 2061 302 2098 LE.
334 2061 488 2107 Adime,
513 2061 702 2110 Archylis,
726 2074 826 2111 quae
846 2061 1026 2100 adsolent
1047 2075 1227 2112 quaeque
1248 2063 1428 2112 oportent

212 2124 321 2174 signa
343 2125 427 2163 e'sse
447 2126 496 2164 ad
518 2126 694 2172 saltitem,
717 2125 850 2163 omnia
870 2127 961 2164 huic
982 2139 1067 2165 esse
1087 2127 1216 2165 uideo.

258 2240 322 2269 459
345 2231 428 2261 dixti
447 2233 470 2261 Σ
487 2242 493 2261 :
517 2230 632 2262 dixisti
650 2230 805 2261 Donatus
820 2235 849 2262 et
865 2231 949 2272 uolg.
1039 2238 1073 2263 tu
1092 2231 1166 2263 add.
1187 2232 1360 2263 Fleckcffsen
1478 2245 1541 2273 470

214 2274 361 2304 sensisse
378 2284 415 2304 se
431 2272 611 2305 BCDGP:
635 2285 672 2305 se
689 2275 838 2306 sensisse
857 2275 889 2306 E
903 2287 910 2306 :
923 2275 1004 2315 sort.
1028 2286 1063 2307 se
1081 2286 1200 2307 sensse
1219 2276 1270 2306 uel
1283 2287 1385 2307 sense
1472 2279 1540 2317 agit

212 2322 272 2356 pro
285 2317 329 2348 ait
345 2316 373 2347 G
497 2327 561 2357 479
583 2317 716 2360 Bentley
731 2330 737 2350 ε
762 2318 913 2360 mihipro
930 2329 982 2350 me
1001 2322 1024 2350 Σ
1158 2320 1216 2358 481
1247 2324 1405 2359 oportent
1419 2330 1494 2351 cum
1511 2321 1545 2351 E

213 2358 355 2400 Spengel
370 2372 376 2391 :
399 2364 531 2400 oportet
548 2365 611 2393 cett.
