1773 2750
84 107 161 145 ΙΙΙ.
183 108 228 145 iii
602 114 642 151 P.
675 114 928 153 TERENTI
959 117 1092 154 AFRI

123 232 161 264 55
185 219 387 270 repperisti
409 222 478 261 tibi
499 225 607 273 quod
629 226 781 274 placeat
801 226 850 264 εἰη
872 240 951 265 non
969 229 986 265 ?
1041 229 1073 266 S
1085 229 1122 265 Y.
1156 229 1218 266 De
1238 228 1389 266 fallacia

183 284 311 323 dicis?
345 295 426 325 est:
458 288 592 327 inueni
622 303 746 340 nuper
776 291 986 340 quandam.
1048 293 1139 330 CH
1170 292 1268 342 frugi
1297 306 1349 330 eS.
1407 292 1510 332 ce'do

399 352 494 402 quid
516 360 572 391 est
588 355 605 391 Ρ

183 415 265 453 SY.
297 417 438 464 dicam,
454 431 590 456 uerum
613 426 654 457 ut
674 419 781 458 aliud
797 434 843 459 ex
858 421 935 459 alio
956 421 1102 460 incidit.
1164 423 1254 462 CH
1286 423 1382 473 quid
1404 422 1506 470 naim,

399 484 492 531 Syre
508 484 524 521 ?

183 545 265 583 ΞΥ.
296 545 479 595 pe'ssuma
514 547 611 587 haec
647 557 704 587 est
739 548 929 588 me'retrix.
990 552 1081 589 CH
1114 550 1168 589 ita
1199 552 1364 591 uidetur.
1423 554 1455 591 S
1467 554 1504 589 Y.

397 610 519 650 immo
540 613 572 650 εἰ
591 612 700 651 scias.

184 674 270 721 uzih,
287 674 379 713 uide
392 677 500 725 quod
515 676 688 728 inceptet
704 678 864 717 facinus.
898 681 969 718 fuit
983 681 1178 730 quaedam
1192 694 1290 719 anus
1303 680 1509 721 Corinthia
1527 684 1598 720 600

122 751 164 782 40
183 740 271 777 hic:
300 739 392 778 huic
407 742 710 781 drachumarum
730 743 827 782 haec
843 744 991 793 argenti
1008 745 1114 782 mille
1134 745 1295 782 dederat
1316 746 1506 783 mlituom.

185 800 277 841 CH
307 805 403 853 quid
433 808 546 844 tum?
606 808 687 846 Sy,
721 820 767 845 ea
798 807 1010 845 mortuz'tst:
1046 806 1200 857 reliquit
1229 807 1350 845 filiam
1379 808 1509 846 adule-

398 869 627 909 scentulam.

184 931 230 970 ea
250 933 381 971 relicta
402 935 493 973 huie
514 936 732 975 eirrabonist
753 951 824 988 pro
846 939 911 976 illo
931 944 1102 988 argento.
1164 939 1254 976 CH
1287 936 1480 987 intellego.

184 998 217 1035 S
227 998 266 1037 Y.
297 998 400 1037 haine
421 1012 556 1037 secum
576 1001 655 1039 huc
671 1001 844 1048 addam,
861 1015 906 1040 ea
919 1015 1020 1052 quae
1033 1008 1091 1041 est
1106 1003 1213 1040 minc
1227 1003 1334 1051 apud
1349 1001 1508 1040 uxorem

401 1071 517 1103 tuam.

187 1128 278 1166 CH
310 1130 405 1179 quid
433 1132 545 1168 tum?
614 1132 694 1170 SV.
728 1131 898 1171 Cliniam
928 1132 1012 1170 drat
1036 1130 1110 1170 sibi
1139 1131 1196 1170 uti
1226 1131 1266 1170 id
1293 1134 1400 1170 minc
1419 1133 1510 1170 det:
1529 1134 1595 1178 605

402 1193 505 1232 illam
527 1194 582 1233 illi
603 1202 733 1234 tamen

123 1268 164 1302 45
186 1258 273 1307 pdst
304 1259 505 1297 daturam:
536 1261 642 1298 mille
669 1274 876 1298 nummum
896 1260 1033 1311 pdscit.
1095 1261 1186 1300 CH
1217 1268 1256 1299 et
1282 1262 1405 1311 possit
1430 1261 1511 1311 qui-

401 1326 522 1363 dem?
578 1327 659 1364 Sy,
692 1327 769 1372 hui,

186 1388 353 1427 dabium
386 1388 427 1428 id
458 1391 548 1427 est?
588 1403 660 1439 ego
694 1391 748 1428 sic
783 1390 929 1440 putaui.
992 1392 1082 1430 CH
1115 1392 1212 1441 quid
1246 1405 1352 1431 nunc
1386 1393 1512 1431 facere

400 1454 547 1504 edgitas
563 1456 579 1493 ?

185 1520 217 1557 S
229 1520 267 1557 Y.
299 1518 454 1568 e'gone?
481 1521 532 1558 ad
550 1521 835 1559 Menedemum
852 1521 918 1559 ibo
938 1535 945 1558 :
976 1521 1106 1559 dicam
1127 1522 1230 1559 hanc
1250 1520 1335 1560 esse
1355 1529 1510 1572 captam

400 1599 446 1623 ex
468 1584 591 1632 Cdria,

184 1650 306 1687 ditem
328 1656 366 1687 et
387 1648 586 1697 nobilem3
616 1649 647 1688 si
667 1650 843 1697 redimat,
862 1651 1051 1701 maignum
1071 1650 1199 1689 inesse
1220 1650 1260 1689 in
1280 1651 1326 1689 ed
1346 1653 1507 1690 lucrum.

186 1714 275 1751 CH
309 1713 420 1752 e'rras.
481 1715 561 1753 SY.
595 1714 690 1765 quid
711 1715 793 1753 ita?
851 1717 941 1754 CH
974 1716 1045 1765 prd
1063 1717 1306 1754 Menedemo
1320 1718 1425 1755 minc
1441 1716 1512 1755 tibi
1530 1718 1600 1754 610

399 1792 472 1828 ego
492 1780 714 1830 respondeo

124 1854 164 1884 50
185 1843 288 1882 ‘ndn
313 1845 448 1882 emo':
478 1844 574 1894 quid
601 1845 711 1895 zigis?
767 1846 848 1884 SY.
881 1845 1029 1895 Optata
1057 1846 1228 1896 ldquere.
1290 1847 1381 1884 CH
1412 1845 1512 1896 qui?

399 1910 481 1947 SV.
512 1923 593 1948 non
615 1910 673 1948 e'st
693 1924 803 1960 opus.

185 1975 276 2012 CH
308 1974 389 2012 n6n
403 1987 503 2023 opus
519 1982 577 2013 est
593 1976 609 2013 ?
666 1976 747 2014 SY.
780 1989 860 2014 non
877 1975 1008 2014 he'rcle
1020 1989 1125 2014 uero.
1187 1977 1278 2014 CH
1310 1976 1378 2026 qui
1397 1975 1506 2023 istuc,

399 2039 525 2077 miror.
585 2040 667 2078 SY.
699 2039 775 2077 izim
797 2040 907 2079 scies.

186 2105 276 2143 CH
308 2104 435 2151 maine,
459 2118 584 2151 mane,
609 2104 705 2154 quid
725 2112 784 2143 est
803 2106 913 2155 qudd
937 2112 1018 2144 tam
1037 2119 1061 2144 a
1080 2105 1196 2145 nobis
1220 2105 1387 2156 grziuiter
1407 2118 1511 2155 crep-

399 2171 540 2207 ueri'mt
560 2170 661 2208 fores
678 2171 694 2208 ?

228 2275 292 2313 596
315 2284 357 2304 an
376 2284 443 2304 non
465 2273 584 2313 Guyet:
609 2284 652 2304 an
669 2274 819 2305 nondum
835 2274 935 2305 etlam
955 2274 1042 2305 codd.
1154 2284 1216 2314 597
1242 2275 1319 2314 quid
1337 2280 1388 2306 est
1405 2273 1487 2304 AD¹
1504 2286 1510 2304 ι

185 2318 264 2356 quid
283 2318 314 2348 id
332 2322 382 2348 est
399 2321 462 2348 cell.
607 2318 673 2348 606
697 2318 805 2357 possit
830 2317 992 2350 Deiatsko
1007 2318 1076 2349 coll.
1093 2320 1166 2358 677,
1185 2317 1322 2349 lerm.
1342 2328 1418 2357 303,
1435 2318 1509 2356 818,

185 2361 253 2392 Ad.
282 2362 363 2399 568:
398 2362 505 2401 poscit
535 2361 587 2392 uel
609 2365 727 2402 poscet
754 2360 840 2393 codd.
979 2363 1044 2400 613
1065 2361 1154 2392 lmnc
1167 2372 1300 2392 uersum
1323 2360 1409 2402 Syro
1432 2361 1514 2391 daut

186 2404 272 2435 codd.
291 2408 320 2435 ct
333 2404 402 2436 edd.
421 2405 559 2446 plerique
