1773 2750
614 514 1087 570 PRAEFATIO

241 675 292 712 IN
331 675 404 711 hac
438 672 611 711 editione
643 670 803 709 Terenti
835 670 1055 708 fabularum
1092 668 1266 718 paranda
1303 667 1379 704 hoc
1419 665 1513 703 mihi

187 739 396 790 praecipue
416 737 602 787 proposui
624 744 666 774 ut
686 738 807 774 lector
827 743 918 774 ante
939 736 1075 773 oculos
1095 734 1257 771 haberet
1277 733 1341 769 uel
1367 738 1512 769 certam

188 807 328 854 poetae
348 803 565 842 orationem
583 802 656 849 uel,
675 801 743 840 ubi
764 802 814 840 de
834 814 879 839 ea
900 798 1071 838 dubitari
1092 805 1234 848 posset,
1252 796 1515 834 restituendae

188 871 493 907 instrumentum
531 881 576 905 ac
615 867 817 905 rationem.
879 864 1089 903 Lectiones
1122 863 1236 913 igitur
1270 875 1371 911 quae
1404 862 1514 898 firma

188 933 375 972 librorum
396 932 626 971 auctoritate
654 930 871 968 innituntur
892 929 975 967 sine
996 930 1132 966 notula
1152 929 1191 965 in
1212 934 1318 965 textu
1339 925 1512 976 praebui,

189 1012 319 1048 neque
353 998 564 1048 scripturae
598 995 804 1034 uarietates
834 994 963 1032 rettuli
994 993 1067 1031 nisi
1096 1006 1197 1042 quae
1226 992 1411 1030 codicum
1441 990 1515 1028 sin-

189 1065 369 1113 gulorum
403 1062 659 1112 proprietates
690 1062 752 1098 uel
787 1060 887 1097 inter
916 1072 957 1097 se
993 1057 1305 1097 necessitudines
1339 1056 1517 1093 inlustra-

190 1137 288 1167 rent.
337 1130 496 1166 Errores
517 1127 603 1165 illos
624 1126 761 1164 insitos
783 1125 850 1175 qui
871 1124 1029 1163 codices
1051 1123 1178 1161 omnis
1199 1121 1516 1160 circumuolitant

191 1201 424 1243 uexantque,
447 1200 626 1231 sescenta
646 1191 710 1228 illa
739 1191 883 1228 menda
909 1191 1024 1239 plane
1051 1186 1268 1226 leuidensia
1289 1199 1389 1236 quae
1410 1184 1516 1222 libris

191 1258 376 1296 omnibus
414 1257 648 1303 inolescunt,
689 1264 823 1294 notare
862 1253 1087 1303 supersedi3
1134 1253 1203 1290 sed
1242 1253 1350 1290 locos
1389 1249 1518 1288 omnis

192 1323 433 1372 ubicumque
466 1335 488 1359 a
522 1322 707 1359 librorum
749 1321 938 1369 scriptura
974 1319 1116 1356 recessi
1155 1329 1308 1366 semper
1346 1315 1519 1354 indicaui

193 1395 230 1425 et
260 1386 583 1425 emendationum
614 1393 791 1423 auctores
812 1397 902 1422 cum
923 1383 1033 1433 potui
1054 1381 1317 1433 suppeditaui.

247 1453 368 1500 Quod
397 1452 448 1489 ad
476 1451 595 1489 libros
623 1449 909 1499 manuscriptos
929 1448 1079 1495 attinet,
1102 1461 1208 1485 nunc
1237 1453 1391 1485 constat
1420 1444 1519 1482 inter

192 1516 346 1556 criticos
375 1515 504 1554 omnis
531 1522 658 1553 textus
677 1513 905 1553 Terentiani
934 1512 1200 1551 firmissimum
1227 1519 1265 1550 et
1289 1510 1521 1549 auctoritate

194 1590 231 1620 et
264 1580 497 1631 antiquitate
535 1579 755 1618 subsidium
795 1586 943 1617 exstare
981 1586 1099 1628 atque
1133 1577 1305 1616 eminere
1338 1575 1517 1614 codicem

195 1646 459 1685 Bembinum¹
493 1659 592 1684 saec.
634 1645 706 1683 ivss⁰
743 1646 807 1683 uel
850 1645 908 1682 νῧ3
950 1651 1149 1682 exaratum
1194 1650 1233 1681 et
1277 1655 1378 1680 saec.
1420 1648 1521 1678 xv¹³20

195 1719 362 1750 exeunte
399 1724 422 1748 a
461 1711 662 1748 Bernardo
697 1710 851 1747 Bembo
885 1708 1151 1758 adquisitum3
1198 1715 1348 1745 ceteros
1386 1713 1519 1744 autem

196 1776 324 1815 omnis
347 1774 516 1825 Calliopi
543 1776 748 1812 cuiusdam
777 1773 1021 1823 grammatici
1047 1772 1204 1823 penitus
1230 1771 1379 1822 ignoti²
1405 1770 1521 1809 licen-

195 1843 271 1880 tiae
291 1840 484 1879 obnoxios
506 1839 637 1877 multis
657 1839 846 1889 imperitis
865 1838 1173 1877 correctionibus
1189 1845 1226 1875 et
1242 1835 1522 1875 additamentis

196 1906 344 1945 inscitis
373 1907 534 1944 refertos
564 1917 660 1942 esse.
720 1904 776 1942 Hi
796 1911 887 1942 sunt
907 1903 1064 1942 codices
1085 1902 1151 1940 tali
1171 1902 1309 1940 ordine
1329 1901 1368 1939 in
1390 1900 1522 1939 classi-

196 1973 270 2010 bus
299 1971 422 2009 tribus
455 1969 635 2020 dispositi
664 1977 705 2007 ut
735 1969 761 2006 ii
790 1968 857 2018 qui
885 1967 984 2018 preti
1013 1967 1169 2006 maioris
1200 1965 1522 2017 Umpfenbachio

240 2082 251 2101 ¹
276 2082 313 2111 In
341 2081 405 2111 hoc
432 2081 549 2111 codice
572 2085 802 2110 correctorum
827 2079 912 2110 duae
940 2089 1057 2110 manus
1082 2083 1235 2109 uei-satae
1263 2082 1350 2115 sunt⁷
1381 2076 1521 2115 antiqua

207 2125 287 2163 (Al)
305 2135 392 2155 saec,
413 2124 488 2155 sort.
504 2122 561 2153 xm*
573 2128 629 2154 aut
643 2121 711 2152 xim¹
729 2134 736 2162 ;
762 2133 867 2153 recens
879 2123 955 2163 (14²3
972 2134 1061 2153 saec.
1076 2125 1160 2152 xv¹¹¹⁰
1171 2132 1238 2152 non
1256 2121 1360 2160 prior.
1401 2120 1522 2149 Manus

199 2179 316 2199 recens
332 2168 462 2198 addidit
482 2167 711 2197 correctiones
735 2177 813 2196 suas
828 2177 872 2197 ex
895 2167 1010 2197 codice
1035 2166 1091 2205 qui
1113 2166 1154 2196 ad
1177 2165 1334 2195 familiam
1359 2162 1427 2193 DG
1449 2173 1521 2202 per-

197 2213 324 2242 tinebat
341 2216 373 2241 et
390 2211 559 2241 interdum
577 2211 742 2249 integram
761 2211 991 2240 recensionem
1010 2209 1252 2249 Calliopianam
1276 2207 1390 2237 refert.
1440 2207 1523 2236 Cor-

198 2256 367 2286 rectiones
384 2254 560 2285 manifesto
577 2254 679 2284 salsas
695 2263 883 2284 memorare
901 2254 1000 2284 nolui.
1049 2253 1200 2292 Scriptus
1217 2258 1268 2282 est
1288 2250 1471 2281 Bembinus
1489 2249 1520 2278 in

199 2299 401 2329 membranis
416 2297 536 2328 litteris
551 2297 733 2336 quadratis,
753 2297 893 2336 singulis
910 2297 1050 2327 uocibus
1068 2307 1136 2327 non
1154 2295 1333 2326 distinctis.

241 2343 253 2359 ²
276 2341 391 2372 Tertio
409 2346 486 2380 post
511 2341 682 2371 Christum
705 2341 852 2379 saeculo,
877 2341 1003 2381 quippe
1027 2340 1121 2371 cuius
1144 2339 1342 2370 recensione
1369 2337 1521 2367 Donatus

199 2386 264 2416 iam
281 2395 361 2416 usus
376 2386 432 2426 sit,
448 2384 678 2423 adsignandus
694 2394 770 2415 esse
788 2384 933 2415 uidetur.
