1773 2750
128 140 174 176 V.
197 139 242 176 ix
611 141 649 177 P.
683 139 935 177 TERENTI
967 139 1099 176 AFRI

196 252 286 289 Csl.
319 251 363 290 zie
396 252 584 290 lubenter.
660 252 753 290 GN.
790 250 827 288 ait
862 263 934 300 ego
968 262 1038 300 pro
1069 248 1154 295 isto,
1190 246 1380 286 Phaedria
1409 254 1446 285 et
1477 254 1518 284 tu

411 315 600 363 Chaerea,

192 381 297 419 hi'mc
331 381 623 420 comedendum
660 379 774 419 udbis
812 379 979 430 propino
1014 378 1051 417 et
1090 377 1363 418 deridendi'un.
1425 377 1515 416 CH.

406 447 545 495 placet.

191 510 283 548 PH.
315 510 458 560 dignus
485 517 554 549 est.
618 510 712 549 GN.
744 509 908 557 Thraso,
930 507 999 548 tibi
1026 508 1085 547 uis
1110 508 1267 547 aceede.
1333 508 1420 545 TH.
1453 506 1520 545 db-

406 587 517 613 secro
539 581 587 622 te,
611 574 707 624 quid
728 572 911 624 agimus?

195 640 289 679 GN.
321 640 449 690 quid?
477 638 540 678 isti
560 646 598 678 te
619 638 851 690 ignorabant
868 653 875 676 :
905 645 1116 688 postquam
1137 637 1192 677 eis
1213 637 1342 676 m6res
1362 636 1519 675 ostendi

405 711 494 743 tuos

130 775 171 808 60
191 768 228 808 et
249 770 488 808 conlaudans
507 769 728 808 secundum
750 768 853 807 facta
872 775 911 807 et
931 766 1094 806 uirtutes
1115 774 1212 815 tuas,
1540 773 1628 810 1090

191 833 409 884 impetraui.
473 835 561 872 TH.
593 831 696 872 bene
717 832 865 872 fecisti:
894 832 1056 882 gratiam
1077 832 1206 871 habeo
1227 831 1462 870 mzixumam.

190 901 408 948 mimquam
435 897 553 937 etiam
574 897 629 936 fui
649 900 815 948 iisquam
839 896 934 948 quin
958 910 1022 936 me
1050 897 1226 936 ameirent
1246 909 1385 935 omnes
1405 894 1518 946 phiri-

404 976 525 1001 mum.

194 1029 287 1067 GN.
319 1027 426 1067 dixin
448 1040 520 1077 ego
542 1027 582 1065 in
603 1028 679 1066 hoc
700 1026 785 1066 e'sse
806 1026 920 1065 uobis
942 1016 1114 1065 Atticam
1135 1025 1398 1077 elegzintiam?

189 1094 281 1131 PH.
314 1093 368 1131 nss
398 1099 550 1143 praeter
583 1092 820 1142 promissum
855 1099 924 1131 est.
988 1091 1040 1131 ite
1070 1092 1154 1130 hac.
1215 1092 1413 1130 CANTOR.
1446 1090 1517 1128 u6s

405 1159 533 1197 ualete
555 1165 592 1196 et
613 1157 788 1208 platidite
806 1160 812 1196 Ξ

237 1263 319 1301 1087
343 1263 388 1293 sic
412 1261 531 1293 codd.:
564 1261 697 1301 Bentley
728 1262 819 1292 hunc
851 1261 1097 1293 comedendum
1129 1264 1162 1292 et
1193 1260 1395 1291 ebibendum
1424 1259 1520 1290 uobis

189 1317 222 1346 pi
222 1307 335 1345 ‘opino
360 1306 443 1336 er'mt
465 1316 505 1335 ex
530 1305 658 1336 Nonio:
685 1309 825 1336 ceterum
852 1305 1023 1345 praebebo
1045 1309 1109 1345 pto
1136 1305 1281 1344 propino
1306 1303 1406 1337 EFP
1435 1302 1521 1333 unde

190 1350 339 1390 praebeo
355 1349 506 1380 Fm'rnus
642 1359 724 1388 1092
749 1359 868 1380 omnes
885 1353 1035 1380 amarent
1052 1347 1168 1380 codd.:
1192 1352 1315 1388 tmnsp.
1335 1347 1507 1378 Fleckeisen
