1773 2750
725 104 1035 142 ADELPHOE
1470 106 1547 142 III.
1570 105 1614 141 iii

219 217 379 266 quando
400 216 451 254 ita
471 217 553 254 uolt
573 216 700 262 frater,
720 216 770 253 de
791 215 888 253 istoc
908 214 991 265 ipse
1011 214 1162 253 uiderit.

217 282 287 320 sed
307 281 394 331 quis
414 280 490 319 illic
511 287 568 319 est
588 293 707 330 quem
727 280 846 318 uideo
865 280 1031 329 procul?
1059 287 1168 318 estne
1190 279 1322 329 Hegio

218 345 368 383 tribi'llis
388 346 548 383 noster?
575 345 607 382 si
627 343 718 382 satis
738 356 866 390 cerno,
889 343 920 381 is
941 351 998 381 est
1019 343 1158 382 hercle.
1191 344 1282 390 uah,
1570 346 1610 386 85

130 420 200 454 440
218 411 339 448 homo
359 410 507 448 amicus
528 407 642 447 nobis
663 408 740 447 iam
761 409 853 446 inde
873 421 895 446 a
915 421 1037 458 puero
1054 423 1061 446 ε
1092 421 1115 446 o
1136 409 1176 447 di
1196 407 1302 454 boni,

218 488 267 513 ne
287 474 388 512 illius
410 473 518 512 modi
538 473 615 511 iam
636 472 750 511 nebis
772 486 912 523 magna
932 472 1079 511 ciuium

215 539 412 590 pemiriast
428 539 590 588 antiqua
610 536 767 591 [homo]
789 538 931 577 uirtute
952 538 996 576 zie
1017 539 1096 577 fide
1113 540 1119 576 Ξ

215 605 322 643 haud
343 605 420 643 cito
442 603 532 642 mali
553 603 649 653 quid
671 604 799 642 ertum
820 616 867 642 ex
887 604 963 641 hoc
984 602 1032 641 sit
1052 602 1220 652 piiblice.

215 682 334 720 quam
355 670 509 720 gaiideo
527 672 533 708 !
564 669 631 707 ubi
652 668 770 707 etiam
792 668 906 707 hiiius
926 667 1078 719 generis
1099 667 1280 719 reliquias
1569 690 1614 723 90

129 739 195 777 445
216 735 357 771 restare
378 733 508 781 uideo,
530 734 594 781 ah,
615 734 748 771 uiuere
768 733 886 771 etiam
907 736 1013 771 mine
1033 733 1152 771 lubet.

216 797 394 848 opperiar
414 797 616 837 hominem
637 797 710 845 hic,
735 801 776 836 tit
797 799 961 836 salutem
983 805 1019 836 et
1041 799 1266 848 cenloquar.

324 959 510 996 HEGIO
595 959 793 995 DEMEA
878 958 1028 996 GETA
1111 956 1446 1009 (PAMPHILA)
1569 951 1617 988 iV

212 1051 310 1088 HE.
345 1051 420 1088 Pro
441 1049 480 1088 di
502 1050 740 1097 inmortales,
761 1049 910 1088 facinus
931 1049 1148 1100 indignam,
1172 1051 1296 1088 Geta!

212 1114 308 1165 quid
329 1114 489 1153 nzirras?
550 1115 640 1154 GE.
673 1114 727 1153 sic
748 1122 805 1153 est
826 1115 983 1153 factum.
1042 1115 1140 1152 HE.
1173 1128 1219 1152 ex
1239 1114 1331 1152 illan
1347 1113 1493 1154 fzimilia

212 1187 292 1218 tam
312 1179 512 1218 inliberale
532 1179 682 1217 facinus
702 1192 787 1218 esse
807 1187 935 1218 ortum
953 1182 958 1217 !
991 1177 1047 1232 [ο]
1070 1178 1279 1226 Aeschine,

125 1260 196 1297 450
213 1247 278 1296 pol
299 1246 405 1283 haiid
425 1252 631 1295 paternum
652 1245 751 1284 isti'lc
771 1245 914 1284 dedisti
932 1248 937 1283 !
993 1245 1089 1283 DE.
1121 1244 1306 1283 uidelicet

212 1311 262 1348 de
283 1309 438 1360 psaltria
459 1310 532 1348 hac
553 1309 728 1348 audiuit:
758 1308 799 1348 id
819 1309 873 1347 illi
893 1312 999 1347 minc
1019 1310 1128 1348 dolet
1571 1318 1588 1349 5

210 1373 349 1421 alieno,
373 1381 482 1424 pater
501 1373 584 1412 eius
606 1373 673 1412 nssi
694 1373 842 1424 pendit.
902 1375 937 1412 ei
959 1373 1065 1422 mihi,

212 1438 362 1477 utinam
383 1439 446 1477 hic
468 1452 590 1489 prope
610 1440 766 1478 adesset
786 1438 931 1477 alicubi
951 1446 1070 1489 atque
1090 1439 1242 1478 audiret
1263 1438 1360 1477 haec
1380 1441 1386 1476 Ξ

211 1505 309 1541 HE.
342 1503 414 1542 nisi
436 1503 578 1542 fecient
599 1517 700 1554 quae
721 1504 807 1543 illos
827 1503 1044 1554 aequomst,
1069 1505 1175 1543 haud
1197 1503 1251 1543 sic
1271 1505 1459 1542 aiiferent.

125 1573 191 1611 455
217 1569 307 1607 GE.
339 1568 379 1606 in
399 1567 437 1607 te
457 1581 545 1618 spes
567 1568 710 1616 omnis,
732 1568 874 1618 Hegio,
900 1569 1015 1607 nobis
1036 1568 1168 1608 sitast:

211 1641 249 1671 te
269 1634 396 1672 selum
417 1633 621 1681 habemus,
644 1637 687 1672 tii
707 1647 748 1673 es
770 1642 968 1685 patronus,
991 1637 1033 1672 tii
1054 1642 1187 1684 pater:
1571 1653 1609 1676 ιο

210 1697 273 1736 ille
294 1698 364 1737 tibi
385 1699 554 1738 moriens
574 1700 646 1738 ηόε
667 1701 962 1739 commendauit
983 1713 1124 1738 senex:

210 1762 241 1801 si
262 1762 407 1802 deseris
427 1771 483 1812 tu,
502 1763 698 1814 periimuS.
756 1766 854 1803 HE.
886 1778 983 1804 caue
1003 1764 1167 1804 dixeris:

211 1841 340 1878 neque
360 1828 499 1867 faciam
521 1843 649 1879 neque
670 1843 733 1868 me
754 1829 844 1868 satis
866 1830 929 1880 pie
949 1843 1064 1880 posse
1084 1829 1257 1869 arbitror.

124 1891 192 1933 460
210 1892 304 1931 DE.
336 1894 466 1932 adibo.
498 1895 647 1932 saluere
669 1894 893 1944 Hegionem
914 1895 1125 1945 phirimum

209 1957 337 1995 iubeo.
392 1959 491 1996 HE.
524 1959 586 2005 611,
610 1966 647 1997 te
668 1959 904 2008 quaerebam
925 1961 1077 2010 ipsum:
1107 1961 1225 2007 salue,
1250 1959 1412 1999 Demea.
1564 1973 1599 2006 15

208 2024 307 2060 DE.
339 2022 434 2072 quid
454 2024 616 2062 aiitem?
671 2025 769 2062 HE.
802 2024 924 2063 maior
944 2024 1046 2063 filius
1067 2031 1155 2063 tuos
1176 2024 1413 2073 Aeschinus,

210 2100 328 2137 quem
348 2087 452 2126 fretri
471 2089 743 2139 adoptandiim
764 2089 917 2137 dedisti,
942 2089 1070 2140 neque
1091 2090 1185 2128 boni

254 2200 316 2230 437
337 2190 389 2221 A²
404 2203 411 2222 ε
431 2190 477 2223 ita
488 2201 550 2222 uos
563 2191 609 2222 ita
626 2192 740 2223 uoltA
832 2203 896 2232 439
918 2193 1091 2224 Fleckeisen
1108 2205 1114 2224 :
1139 2192 1338 2224 tribunusA
1419 2192 1469 2224 bis
1482 2193 1515 2223 A
1534 2205 1541 2224 ε

210 2234 239 2265 is
254 2234 332 2266 24²2
431 2245 492 2274 441
520 2245 628 2275 neque
645 2236 734 2267 illius
749 2236 782 2266 A
893 2247 957 2276 442
981 2237 1082 2268 homo
1098 2237 1232 2267 sustulit
1252 2236 1353 2276 Guyet
1476 2246 1540 2276 445

210 2278 252 2308 ah
263 2277 448 2309 Fleckeisen:
473 2279 538 2310 uah
549 2278 636 2311 codd.
651 2290 658 2310 :
682 2290 748 2311 om.
763 2278 831 2311 edd.
841 2279 979 2320 plerique
1072 2281 1135 2319 448
1159 2280 1239 2310 illan
1250 2279 1323 2311 edd.
1336 2283 1422 2310 ant:
1448 2280 1538 2310 illam

209 2320 242 2350 A
261 2332 268 2351 :
298 2320 354 2351 illa
377 2319 410 2351 E
553 2331 617 2361 452
640 2322 673 2352 A
692 2334 698 2353 :
729 2329 828 2363 pater
851 2328 902 2354 est
921 2324 992 2353 A2:
1017 2329 1114 2362 pater
1136 2324 1164 2354 is
1181 2326 1205 2355 Σ
1293 2323 1377 2353 nihil
1400 2322 1540 2354 AD1G:

210 2363 305 2395 nihili
322 2367 384 2396 cett.
506 2366 570 2405 458
594 2366 742 2406 perimus
758 2366 845 2398 codd.
939 2367 1066 2398 dextris
1079 2366 1112 2397 A
