1773 2750
729 112 1029 151 EVNVCHVS
1470 115 1520 150 11.
1544 114 1587 150 iii

209 226 299 263 CJJ.
331 225 494 263 6bsecro
515 223 654 269 hercle,
678 220 883 268 Pdrmeno,
898 223 958 259 fac
979 219 1054 273 [ut]
1076 221 1210 272 potiar.
1269 224 1356 260 ΡΑ.
1388 223 1525 260 faciam

419 288 556 327 sedulo
573 301 583 335 3

206 354 311 392 dabo
339 366 510 403 operam,
531 351 754 390 adiuuzibo:
793 363 887 389 num
918 350 1014 400 quid
1043 364 1106 389 me
1134 350 1270 389 ziliud?
1327 353 1416 390 CJJ.
1449 365 1527 401 quo

419 430 525 454 nunc
545 417 606 454 is?
660 417 747 454 ΡΑ.
781 416 956 461 domum,

206 484 248 520 tit
269 480 477 530 mancupia
496 482 603 527 haec,
627 481 679 518 ita
699 479 753 518 uti
775 479 884 518 iussit
905 479 1029 526 srdter,
1051 480 1193 518 ducam
1214 481 1265 518 ad
1285 481 1319 517 T
1324 479 1490 518 haildem.

120 545 184 589 365
208 547 298 584 CH.
330 546 355 584 ό
383 547 622 584 fortunatum
656 545 773 582 istum
807 545 1033 582 eunuchum
1063 545 1131 594 qui
1165 543 1325 594 quidem
1360 543 1399 582 in
1428 545 1529 582 hanc

331 653 334 655 Α
419 610 532 648 detur
552 609 740 648 domum!

205 676 294 713 ΡΑ.
325 675 422 724 quid
450 673 531 712 ita?
589 674 680 712 CH.
713 672 884 723 rogitas?
924 675 1078 711 summa
1105 674 1230 712 forma
1259 672 1412 723 semper
1441 686 1530 711 eon-
1551 686 1589 720 75

420 738 573 777 seruz‘zm
594 738 703 777 domi

205 803 367 851 uidebit,
390 802 659 853 conloque'tur,
681 802 805 841 aderit
825 805 904 841 una
924 802 963 841 in
985 802 1072 841 unis
1091 802 1256 842 ae'dibus
1272 817 1281 850 3

206 868 338 906 cibum
377 882 458 907 non
489 881 706 918 numquam
746 867 874 918 calpiet
907 881 997 905 cum
1029 881 1100 914 ea3
1139 867 1335 907 interdum
1374 874 1530 918 propter

421 932 598 971 ddrmiet.

206 998 294 1036 ΡΑ.
325 996 422 1046 quid
449 998 480 1035 si
506 1010 611 1035 nunc
638 1004 720 1035 tute
747 997 964 1035 f6rtunatus
993 997 1094 1035 fias?
1151 998 1242 1035 CH.
1274 1009 1351 1046 qua
1372 1010 1421 1043 re,
1445 996 1531 1034 Peir-

422 1076 539 1100 meno
554 1063 570 1099 ?

120 1138 189 1172 370
208 1127 412 1176 resp6nde.
470 1128 557 1164 ΡΑ.
590 1126 720 1176 capias
741 1125 892 1164 uestem
913 1124 1025 1163 illius.
1086 1126 1176 1164 CH.
1218 1124 1399 1163 uestem?
1436 1124 1531 1174 quid

422 1198 505 1229 tum
525 1191 691 1240 pdstea?

206 1257 295 1294 ΡΑ.
327 1269 398 1306 pro
418 1255 483 1293 ill6
504 1262 541 1294 te
562 1256 768 1293 deducam.
829 1256 919 1293 CH.
951 1254 1081 1293 audio.
1139 1255 1227 1292 ΡΑ.
1260 1260 1298 1292 te
1318 1267 1402 1292 esse
1423 1254 1530 1292 illum
1551 1257 1593 1288 80

421 1319 561 1359 dicam.
623 1320 713 1358 CH.
746 1317 940 1368 intellego.

206 1387 295 1424 ΡΑ.
327 1392 368 1423 tu
388 1384 462 1423 illis
482 1385 606 1422 fruare
623 1382 844 1421 cdmmodis
858 1382 1001 1431 quibus
1020 1384 1062 1420 tu
1084 1381 1193 1420 illum
1207 1381 1366 1420 dieebais
1388 1382 1529 1420 modo:

208 1449 340 1487 cibum
361 1451 439 1487 una
459 1447 600 1498 capias,
624 1446 740 1494 adsis,
764 1454 910 1496 tangas,
932 1447 1057 1493 ludas,
1080 1453 1237 1496 propter
1257 1445 1427 1484 ddrmias
1442 1461 1452 1493 3

208 1512 532 1564 quandoquidem
562 1511 713 1550 illarum
744 1510 872 1561 neque
893 1518 931 1549 te
951 1510 1159 1560 quisquam
1181 1509 1291 1549 nouit
1312 1523 1440 1559 neque
1461 1509 1532 1547 scit

422 1578 490 1628 qui
510 1576 595 1615 sies.

122 1658 187 1695 375
209 1644 407 1694 praeterea
422 1645 546 1681 forma
566 1649 603 1680 et
623 1641 729 1680 ae'tas
746 1641 876 1690 ipsast,
892 1640 1004 1678 faicile
1024 1648 1067 1678 ut
1087 1653 1157 1689 pro
1177 1640 1361 1678 eunuchc')
1378 1639 1529 1689 probes.

211 1710 300 1747 CH
333 1707 462 1746 dixisti
482 1708 643 1757 pulchre
662 1721 669 1744 :
713 1708 929 1755 numquam
951 1703 1033 1742 uidi
1054 1703 1193 1742 me'lius
1214 1703 1420 1742 consilium
1437 1703 1530 1741 dari.
1553 1712 1594 1751 85

207 1787 279 1823 age
307 1773 442 1812 edmus
468 1772 569 1810 intro
599 1769 808 1808 nunciam:
838 1783 935 1808 orna
963 1782 1037 1815 me,
1067 1769 1208 1815 abduc,
1231 1769 1319 1814 duc,
1342 1769 1532 1817 quantum

422 1844 562 1887 potest.

209 1904 295 1941 ΡΑ.
327 1901 424 1952 quid
439 1903 551 1951 agis?
579 1899 735 1938 iocabar
752 1898 946 1949 equidem.
1008 1899 1098 1936 CH.
1129 1896 1257 1946 garris.
1316 1898 1403 1935 ΡΑ.
1425 1895 1531 1946 perii,

423 1966 519 2016 quid
539 1979 611 2015 ego
632 1966 692 2015 egi
712 1964 851 2003 miser!

209 2047 288 2083 quo
309 2031 461 2071 trudis?
489 2031 697 2081 perculeris
711 2028 787 2067 iam
809 2036 850 2067 tu
872 2042 945 2067 me.
1005 2026 1075 2065 tibi
1089 2026 1273 2076 equidem
1287 2025 1388 2072 dico,
1406 2038 1531 2063 mane.

124 2099 192 2144 380
212 2098 302 2136 CH.
334 2096 479 2135 eaimus.
537 2097 625 2134 ΡΑ.
658 2094 823 2145 pergin?
882 2095 972 2132 CH.
1004 2091 1200 2130 certumst.
1259 2092 1346 2129 ΡΑ.
1378 2089 1534 2128 uidene

425 2160 590 2199 nimium
611 2160 783 2199 calidum
804 2160 881 2198 hoc
902 2159 950 2195 sit
970 2158 1102 2196 modo.

255 2255 318 2294 362
341 2258 378 2285 ut
394 2253 571 2285 tollendum
589 2263 652 2284 esse
669 2251 799 2282 monuit
815 2250 975 2281 th'atzko
1053 2248 1168 2279 sedulo
1187 2258 1223 2279 ac
1242 2247 1327 2279 codd.
1472 2248 1534 2285 364

213 2299 261 2329 uti
278 2298 425 2328 Faernus
440 2308 446 2327 :
472 2302 507 2328 ut
523 2295 612 2327 codd.
724 2305 788 2334 370
813 2294 926 2334 capias
943 2298 976 2324 tu
994 2293 1084 2323 illius
1096 2297 1226 2322 uestem
1238 2291 1327 2322 codd.
1342 2303 1348 2322 ς
1374 2290 1437 2320 nisi
1451 2289 1540 2330 quod

213 2346 247 2372 tu
265 2352 330 2372 om.
350 2341 382 2371 A
401 2352 406 2371 :
431 2344 559 2371 uestem
576 2338 663 2370 illius
681 2338 853 2369 Fleckeisen
980 2338 1044 2375 376
1068 2336 1151 2366 dixti
1169 2334 1256 2365 codd.
1386 2344 1448 2372 377
1474 2333 1536 2363 duc

214 2395 278 2416 om.
298 2384 354 2415 A:
378 2383 452 2414 add.
473 2382 519 2413 Α1
653 2383 718 2420 380
742 2381 882 2412 calidum
901 2378 1076 2410 Donatus:
1102 2378 1256 2409 callidum
1274 2377 1361 2408 codd.
