1773 2750
732 128 952 166 ANDRIA
1435 127 1502 164 IV.
1526 126 1571 162 iii

622 250 795 287 MYSIS
895 249 1078 285 DAvos
1523 255 1568 292 iii

184 350 241 388 M
247 349 285 387 Y.
318 347 438 387 Nilne
457 346 542 386 esse
562 345 761 397 proprium
783 346 996 395 quoiquam
1015 348 1021 382 l
1056 343 1096 383 di
1117 343 1288 382 nostram
1308 344 1427 383 fidem
1445 346 1451 380 l

185 415 382 451 summiim
402 412 552 450 bonum
573 423 657 449 esse
678 408 764 448 erae'
785 409 971 459 putabam
993 410 1099 447 hunc
1120 407 1380 459 Pamphilum,

185 479 367 524 amicum,
388 475 615 522 amatorem,
638 474 764 513 uirum
785 473 824 512 in
845 475 985 524 quouis
1006 476 1094 512 loco

187 543 363 594 paratum
379 556 389 588 3
415 554 550 579 uerum
571 554 617 579 ex
637 540 685 578 eo
706 552 810 577 nunc
831 539 970 577 misera
990 540 1107 589 quem
1129 537 1229 589 capit

100 617 169 652 720
187 607 360 645 laborem
378 608 384 643 l
408 604 520 643 facile
541 604 603 642 hic
623 605 710 653 pliis
732 603 858 642 malist
879 617 997 653 quam
1018 602 1095 641 ill1'c
1115 602 1221 641 boni.
1529 612 1546 643 5

186 672 255 710 sed
279 670 413 708 Dauos
433 668 521 708 exit.
581 669 634 706 mi
655 669 787 715 homo,
811 667 906 717 quid
929 667 1027 706 istuc
1049 667 1278 706 obsecrost?

187 749 266 786 quo
286 736 415 785 portas
435 735 630 784 puerum?
686 734 782 771 DA.
810 732 943 783 Mysis,
966 745 1072 771 nunc
1092 745 1191 782 opus
1212 731 1269 770 est
1289 739 1355 769 tua

189 799 284 839 mihi
304 800 354 838 ad
374 799 475 837 hanc
495 811 576 836 rem
593 805 821 848 exprompta
841 797 987 836 malitia
1006 804 1123 847 atque
1143 796 1295 835 astritia.

189 867 247 904 M
253 867 291 904 Y.
327 864 422 915 quid
442 877 533 902 nam
554 864 818 914 incepturu’s?
873 865 969 901 DA.
1003 862 1137 913 accipe
1156 875 1178 900 a
1199 875 1261 899 me
1282 862 1387 899 hunc
1403 859 1511 900 ocius

106 944 171 982 725
188 938 306 980 atque
326 930 416 968 ante
436 936 609 968 nostram
630 928 786 966 ianuam
807 929 974 979 adpone.
1033 928 1088 965 M
1097 928 1136 965 Y.
1165 926 1341 972 ebsecro,
1536 939 1574 962 10

189 996 382 1033 humine?
436 995 533 1032 DA.
566 1007 612 1032 ex
633 1007 698 1032 ara
718 993 809 1031 hinc
832 996 942 1031 siime
963 991 1154 1031 uerbenas
1175 990 1244 1029 tibi

189 1066 306 1109 atque
326 1059 390 1098 eas
411 1059 625 1097 substerne.
684 1059 741 1095 M
748 1059 786 1095 Y.
815 1071 934 1107 quam
955 1057 1007 1096 eb
1028 1070 1108 1095 rem
1129 1055 1169 1095 id
1189 1063 1271 1094 tute
1292 1055 1372 1094 non
1392 1053 1515 1092 facis?

191 1125 288 1162 DA.
314 1124 414 1174 quia,
438 1125 468 1162 si
488 1126 586 1163 forte
607 1138 705 1175 opus
726 1123 774 1162 sit
795 1124 844 1162 ad
865 1137 972 1162 erum
994 1122 1117 1160 iurato
1138 1120 1233 1159 mihi

193 1202 272 1227 non
294 1188 504 1240 adposisse,
528 1196 569 1227 ut
589 1188 740 1239 liquido
760 1187 919 1239 possim.
977 1188 1035 1225 M
1041 1188 1079 1224 Y.
1111 1185 1317 1235 intellego:

105 1266 174 1302 730
192 1268 296 1293 noua
316 1258 420 1293 minc
442 1254 574 1305 religio
595 1255 633 1292 in
655 1262 692 1293 te
713 1255 831 1292 istaec
852 1252 1019 1291 incessit.
1078 1251 1201 1289 cedo!
1534 1260 1572 1294 15

192 1321 288 1358 DA.
319 1334 437 1359 moue
457 1320 565 1360 ecius
586 1328 634 1367 te,
657 1328 699 1358 ut
719 1320 814 1370 quid
834 1331 945 1368 agam
967 1329 1081 1367 porro
1101 1315 1312 1364 intellegas.

193 1398 264 1436 pro
292 1386 492 1436 Iiippiter!
548 1387 608 1423 M
614 1386 652 1423 Y.
685 1384 779 1435 quid
808 1385 895 1422 est?
950 1383 1046 1420 DA.
1079 1381 1246 1431 spensae
1270 1386 1378 1429 pater
1406 1376 1519 1416 inter-

409 1450 528 1490 uenit.

197 1515 360 1566 repiidio
380 1517 488 1566 quod
507 1514 713 1555 consilium
735 1513 904 1565 primum
925 1512 1180 1551 intenderam.

196 1581 254 1618 M
260 1581 299 1619 Y.
330 1582 462 1619 nescio
479 1580 574 1631 quid
587 1593 728 1618 narres.
787 1580 883 1617 DA.
915 1577 987 1627 e‘go
1003 1590 1162 1627 quoque
1182 1574 1274 1613 hinc
1294 1573 1344 1613 ab
1364 1572 1521 1612 dextera

110 1653 174 1691 735
196 1645 330 1683 uenire
350 1658 413 1683 me
433 1644 680 1684 adsimulabo
701 1659 707 1681 ι
738 1651 780 1681 tu
801 1650 841 1681 ut
862 1640 1083 1680 subseruias
1542 1648 1581 1669 20

196 1708 372 1756 orationi,
394 1717 436 1748 ut
457 1711 656 1760 quemque
680 1721 779 1758 opus
801 1707 860 1754 sit,
882 1706 1012 1745 uerbis
1032 1704 1135 1744 uide.

197 1775 256 1812 M
261 1775 300 1812 Y.
331 1788 403 1825 ego
424 1775 518 1825 quid
539 1787 628 1824 agas
651 1773 704 1811 nil
726 1772 910 1822 intellego
928 1786 938 1819 3
966 1772 1035 1809 sed
1056 1771 1087 1808 si
1107 1768 1202 1819 quid
1223 1775 1281 1806 est

197 1841 306 1890 quod
327 1840 414 1879 mea
434 1852 551 1890 opera
572 1852 670 1889 opus
691 1837 739 1876 sit
760 1836 885 1883 uobis,
908 1844 950 1874 ut
971 1842 1011 1874 tu
1033 1836 1118 1885 plns
1139 1833 1261 1878 uides,

199 1904 379 1953 manebo,
402 1918 452 1944 ne
472 1904 580 1954 quod
600 1904 775 1942 uestrum
797 1914 966 1940 remorer
986 1900 1253 1939 cemmodum.

432 2045 705 2084 CHREMES
818 2043 992 2079 Mvsls
1104 2039 1289 2074 DAvos
1541 2036 1585 2072 iv

116 2150 184 2187 740
207 2144 296 2184 CH.
329 2143 534 2189 Reuertor,
556 2147 765 2192 postquam
787 2152 887 2189 quae
907 2137 1006 2188 opus
1027 2137 1133 2174 fuere
1153 2135 1203 2172 ad
1224 2131 1379 2182 niiptias

203 2207 342 2258 gnatae
362 2207 505 2258 paraui,
528 2214 570 2245 ut
590 2206 746 2244 ii‘ibearn
767 2202 922 2242 accersi.
981 2200 1050 2239 sed
1070 2199 1165 2249 quid
1186 2199 1294 2236 hoc?

248 2322 308 2352 717
334 2311 491 2351 putabam
509 2309 543 2340 D
559 2321 566 2341 x
591 2307 704 2349 putaui
721 2311 783 2338 ccll.
876 2306 937 2345 728
962 2305 1069 2335 iurato
1083 2301 1232 2341 Bentley:
1259 2299 1485 2331 iusiurandum
1501 2300 1524 2328 Σ

206 2366 267 2395 729
291 2354 480 2394 adposisse]
506 2351 681 2394 apposisse
698 2351 745 2382 E:
773 2349 971 2391 apposuisse
996 2351 1059 2379 cell.
1255 2345 1317 2384 738
1341 2348 1375 2374 ut
1401 2343 1502 2382 Guywt
1516 2353 1521 2371 :

205 2404 260 2430 aut
278 2402 299 2429 Σ
318 2402 345 2428 ct
360 2397 514 2428 Donatus
