1773 2750
144 142 213 179 IV.
240 151 270 178 v
660 142 700 179 P.
726 141 979 179 TERENTI
1010 140 1142 178 AFRI

236 251 419 292 illdncine
441 251 644 292 mulierem
664 252 766 291 alere
787 266 876 291 cum
899 252 963 290 illa
982 252 1154 291 familia!

236 320 309 357 etsi
329 318 420 365 scio,
444 318 606 369 aliquod
627 319 699 357 hos
720 318 804 357 dies
825 332 905 357 non
927 317 1067 356 sentiet
1087 332 1094 356 ε

195 401 211 433 5
236 384 290 422 ita
310 384 452 435 maigno
473 384 670 424 deside'rio
691 384 763 422 fuit
783 384 817 423 ei
838 384 952 422 filius.

238 462 374 487 uerum
396 448 464 487 ribi
485 448 637 488 uidebit
657 449 787 488 tantos
809 448 881 488 sibi
903 450 1082 499 sumptus
1103 448 1212 488 domi

237 514 475 553 cottidianos
496 513 578 552 fieri
600 527 673 552 nec
696 514 777 552 fieri
799 514 974 560 modum,
1587 521 1653 559 755

238 578 391 629 optabit
410 592 562 617 rursum
584 585 626 616 ut
647 579 761 617 abeat
781 579 832 617 ab
853 592 893 617 se
914 578 1028 617 filius.

236 644 375 693 Syrum
409 643 572 694 optume
607 657 757 683 eccum.
827 644 859 683 S
871 645 908 681 Y.
945 643 1056 683 cesso
1088 645 1194 682 hunc
1227 643 1400 683 adoriri?
1471 644 1561 684 CH

453 710 557 759 Syre.
617 710 649 747 S
661 710 698 747 Y.
730 710 833 748 hem.

174 786 214 810 10
239 775 330 813 CH
362 773 458 824 quid
480 773 567 812 est?
610 775 642 812 S
653 775 692 812 Y.
724 781 761 812 te
783 773 835 811 mi
857 773 984 824 ipsum
1002 773 1077 812 iam
1096 775 1247 813 dudum
1266 773 1452 824 optabzim
1468 773 1562 814 dari.

238 840 330 878 CH
361 838 496 878 uidere
517 838 640 888 egisse
661 838 738 876 iam
760 838 894 877 nescio
915 838 1011 888 quid
1032 840 1122 877 eum
1144 852 1248 877 sene.

237 905 269 943 S
281 905 318 941 Y.
346 897 401 942 'de
422 903 488 942 illo
510 904 618 953 quod
640 904 823 942 dudum?
852 904 1001 941 dictum
1024 904 1171 941 factum
1193 902 1357 942 re'ddidi.
1584 902 1652 946 760

241 969 332 1007 CH
364 968 496 1007 bonan
511 969 619 1007 fide?
660 969 692 1006 S
704 969 742 1006 Y.
774 968 880 1006 bona
893 968 1034 1006 hercle.
1080 969 1171 1007 CH
1203 981 1283 1006 non
1297 969 1459 1019 possum
1472 967 1563 1020 pati,

236 1033 332 1083 quin
353 1033 423 1072 tibi
445 1040 562 1083 caput
584 1034 833 1072 demulceam
853 1048 860 1071 ε
891 1034 1037 1072 accede
1057 1033 1145 1079 huc,
1169 1034 1286 1082 Syre:

174 1109 212 1142 15
235 1098 375 1136 faciam
397 1098 492 1137 boni
513 1097 584 1135 tibi
605 1097 753 1147 aliquid
774 1110 844 1147 pro
866 1096 939 1136 ista
959 1111 998 1136 re
1019 1097 1064 1136 ac
1084 1098 1236 1136 lubens.

235 1164 267 1201 S
279 1164 317 1201 Y.
349 1170 388 1201 at
409 1163 441 1201 si
461 1163 559 1201 scias
581 1175 699 1212 quam
721 1163 816 1200 scite
837 1162 877 1200 in
899 1169 1072 1201 mentem
1093 1162 1254 1201 ue'nerit.

239 1229 330 1268 CH
361 1229 451 1275 nah,
473 1227 636 1278 gloriare
658 1226 837 1266 euenisse
858 1240 905 1266 ex
925 1226 1148 1266 sententia?
1584 1225 1649 1269 765

236 1295 268 1333 S
280 1295 318 1332 Y.
351 1306 432 1332 non
452 1292 583 1331 hercle
603 1305 697 1331 uero
715 1307 721 1330 :
752 1291 890 1330 uerum
911 1291 1012 1331 dico.
1074 1293 1166 1331 CH
1198 1293 1261 1331 dic
1283 1292 1378 1342 quid
1399 1294 1490 1332 est?

236 1360 268 1398 S
280 1360 318 1397 Υ.
350 1357 406 1397 tui
428 1357 667 1408 Clitiphonis
689 1357 774 1396 e'sse
794 1356 963 1395 amicam
984 1358 1087 1396 hane
1108 1356 1350 1397 Bacchidem

174 1439 216 1462 20
239 1423 482 1463 Menedemo
503 1422 599 1462 dixit
620 1422 759 1469 Clinia,
783 1430 821 1460 et
841 1435 887 1460 ea
906 1421 1027 1472 gratia

235 1502 369 1528 seeum
391 1487 601 1527 adduxisse
622 1486 671 1526 ne
693 1494 734 1525 tu
756 1486 796 1526 id
818 1488 1130 1537 persentisceres.

237 1555 328 1594 CH
360 1552 494 1604 probe.
554 1554 586 1591 S
596 1553 635 1591 Y.
662 1552 725 1591 dic
740 1553 867 1591 sodes.
929 1553 1019 1591 CH
1050 1550 1229 1598 nimium,
1245 1550 1419 1602 inquam.
1477 1552 1559 1591 SY.
1582 1560 1650 1596 770

451 1617 575 1656 immo
596 1618 627 1655 si
648 1616 758 1656 scias.

235 1685 304 1723 sed
325 1684 441 1734 porro
461 1683 638 1721 ausculta
658 1682 766 1733 quod
788 1689 964 1733 superest
984 1680 1159 1720 fallaciae
1178 1696 1185 1719 ε

235 1763 319 1788 sese
341 1750 424 1799 ipse
444 1747 540 1787 dicit
561 1747 669 1786 tuam
691 1747 837 1787 uidisse
857 1746 976 1786 filiam
993 1761 1003 1794 ,-

176 1830 214 1862 25
235 1813 318 1852 eius
339 1813 413 1852 sibi
434 1812 697 1863 complacitam
718 1812 895 1859 formam,
919 1819 1129 1862 postquam
1149 1810 1340 1862 aspexerit
1355 1826 1364 1859 ;

235 1881 338 1918 hanc
359 1881 501 1929 cupere
522 1891 695 1917 uxorem.
756 1879 847 1917 CH
880 1877 1054 1916 modone
1075 1889 1175 1927 quae
1196 1875 1424 1916 inuentast?
1479 1877 1512 1916 S
1523 1877 1561 1915 Y.

452 1957 538 1982 eam
559 1959 566 1982 z

236 2017 275 2049 et
295 2010 456 2060 quidem
477 2008 629 2047 iubebit
649 2008 770 2059 posci.
831 2009 923 2048 CH
955 2020 1073 2058 quam
1095 2007 1147 2046 ob
1168 2020 1249 2046 rem
1270 2006 1381 2054 istrie,
1404 2008 1527 2057 Syre?
1584 2015 1648 2052 775

237 2089 329 2113 narn
349 2074 527 2124 prorsum
549 2073 646 2111 nihil
666 2072 863 2124 intellego.
921 2073 954 2112 S
966 2073 1004 2111 Y.
1036 2073 1124 2119 uah,
1148 2072 1280 2111 tardus
1301 2086 1353 2110 es.

241 2140 333 2178 CH
365 2138 537 2178 fortasse.
596 2140 629 2177 S
639 2139 678 2177 Y.
709 2145 913 2189 argentum
935 2137 1091 2177 dabitur
1112 2142 1148 2176 e'1'
1167 2138 1218 2176 ad
1238 2136 1406 2187 nuptias,

179 2217 221 2250 50
240 2217 377 2242 aurum
399 2203 516 2253 atque
537 2210 689 2242 uestem
710 2204 778 2253 qui
799 2234 805 2242 .
830 2234 837 2241 .
862 2234 868 2241 .
891 2204 1085 2245 tenesne?
1143 2203 1234 2241 CH
1266 2201 1497 2252 comparet?

242 2271 273 2308 S
285 2270 323 2308 Y.
355 2268 395 2308 id
417 2270 557 2319 ipsum.
618 2270 709 2308 CH
740 2276 779 2307 at
795 2282 868 2319 ego
888 2268 943 2306 illi
959 2267 1089 2318 ne'que
1104 2268 1157 2307 do
1173 2280 1302 2317 neque
1319 2267 1561 2317 despondeo.

286 2381 346 2411 752
363 2371 496 2411 aliquod
510 2371 573 2402 hos
584 2370 763 2413 Brugman
779 2382 786 2402 ι
809 2370 913 2403 hosce
927 2370 1062 2410 aliquod
1074 2368 1162 2401 codd.
1254 2370 1316 2408 760
1333 2370 1456 2401 dictum
1467 2379 1504 2400 ac
1518 2369 1562 2400 sa-

240 2420 329 2448 ctum
343 2415 443 2456 codd,
463 2413 522 2446 sed
534 2414 567 2444 in
580 2425 644 2455 904
657 2425 696 2446 ac
709 2425 775 2446 om.
787 2414 819 2445 A
904 2423 965 2455 777
983 2414 1126 2446 fortasse
1137 2416 1161 2445 Σ
1175 2423 1181 2444 :
1200 2413 1288 2446 fasse
1300 2414 1332 2445 A
1343 2425 1350 2446 :
1368 2413 1497 2445 facesse
1509 2412 1540 2442 A
1552 2413 1563 2430 ²
