1773 2750
244 91 288 128 (j.
307 90 552 130 SVETONI
569 91 923 139 TRANQVILLI
940 92 1078 130 VITA
1099 93 1140 129 P.
1159 93 1412 130 TERENTI
1435 91 1567 129 AFRI

243 192 420 236 uenisset,
440 193 571 228 dicitur
590 194 732 228 initium
751 193 899 239 quidem
918 194 1074 236 fabulae,
1093 194 1192 239 quod
1210 201 1287 229 erat
1307 194 1570 239 contemptiore

243 249 388 294 uestitu,
417 252 591 286 subsellio
620 252 717 286 iuxta
747 252 920 286 lectulum
953 252 1118 287 residens
1147 252 1289 296 legisse,
1320 259 1403 296 post
1432 264 1569 297 paucos

243 319 329 342 uero
356 320 482 343 uersus
514 309 687 344 inuitatus
718 316 756 344 ut
784 310 1018 344 accumberet
1045 321 1199 345 cenasse
1226 322 1310 352 una,
1336 311 1422 345 dein
1448 317 1571 345 cetera

242 367 513 410 percucurrisse
548 379 622 401 non
652 367 731 402 sine
760 379 896 412 magna
927 367 1076 402 Caecilii
1105 368 1360 403 admiratione.
1410 374 1445 403 et
1474 368 1571 402 hanc

243 430 366 458 autem
392 430 427 458 et
454 425 614 470 quinque
631 425 790 469 reliquas
806 425 1008 470 aequaliter
1025 426 1160 470 populo
1177 426 1346 470 probauit
1365 438 1372 460 ε
1400 425 1570 471 quamuis

242 481 430 516 Volcatius
450 482 485 516 in
504 482 799 517 dinumeratione
817 482 979 517 omnium
1000 483 1051 517 ita
1069 484 1228 519 scribat:

493 551 645 585 Simitur
674 552 822 586 Hecura
848 558 949 586 sexta
975 552 1158 587 exclusast
1183 553 1316 588 sabula.

243 620 446 654 Eunuchus
473 621 622 665 quidem
650 620 706 655 bis
734 619 963 666 dei<nceps>
991 627 1074 655 acta
1100 628 1155 656 est
1180 622 1384 668 meruitque
1413 621 1569 667 pretium

241 684 419 721 quantum
450 679 550 712 nulla
583 685 693 713 antea
727 679 944 724 cuiusquam
978 679 1182 721 comoedia,
1211 687 1294 714 octo
1328 680 1429 714 milia
1462 691 1569 714 num-

241 746 352 771 mum.
417 743 612 781 propterea
654 748 800 772 summa
842 748 986 782 quoque
1016 737 1121 771 titulo
1155 738 1358 773 ascribitur.
1388 752 1406 769 ³*
1470 750 1489 766 ἃ
1554 750 1571 767 *-

244 803 261 820 ³2
340 802 357 821 21<
436 804 452 823 εει
531 804 548 822 ιιι
627 805 644 824 >ic
720 806 736 825 ῆι
809 806 826 825 >12
902 804 920 822 ss
992 805 1010 823 »κ
1086 804 1103 823 :12
1179 806 1196 825 ιιι
1266 806 1283 825 >3
1359 805 1376 824 »κ
1455 805 1472 823 ss
1551 806 1567 823 ὴ-

240 863 326 885 nam
363 852 617 897 Adelphorum
652 853 869 898 principium
903 854 1022 888 Varro
1056 854 1169 888 etiam
1204 854 1362 898 praefert
1391 853 1571 898 principio

244 910 452 943 Menandri.
501 922 575 944 non
599 911 757 945 obscura
783 911 882 945 fama
908 918 962 946 est
987 911 1155 946 adiutum
1181 912 1395 946 Terentium
1421 912 1455 946 in
1485 911 1570 946 scri-

241 966 313 1010 ptis
340 979 362 1001 a
393 968 516 1002 Laelio
542 975 577 1002 et
609 968 803 1013 Scipione:
847 981 1002 1014 eamque
1033 969 1111 1014 ipse
1137 969 1247 1010 auxit,
1274 980 1476 1014 numquam
1502 968 1570 1003 nisi

240 1025 369 1059 leuiter
394 1037 434 1060 se
460 1026 568 1060 tutari
596 1033 765 1069 conatus,
794 1034 831 1061 ut
857 1027 892 1061 in
920 1029 1071 1072 prologo
1097 1027 1370 1072 Adelphorum:

336 1095 437 1129 Nam
464 1095 562 1140 quod
589 1095 646 1130 isti
673 1096 799 1130 dieunt
826 1097 1009 1139 maleuoli,
1036 1096 1207 1131 homines
1233 1096 1374 1131 nobiles

337 1153 434 1186 hunc
461 1154 627 1188 adiutare
651 1154 873 1199 assidueque
900 1166 971 1189 una
999 1154 1172 1198 scribere,

336 1211 434 1255 quod
461 1211 509 1245 illi
537 1212 772 1247 maledictum
800 1213 1000 1247 uehemens
1027 1225 1108 1248 esse
1133 1213 1381 1248 existumant:

335 1280 419 1302 eam
445 1269 594 1304 laudem
621 1270 680 1304 hic
707 1270 807 1305 ducit
834 1282 1058 1314 maxumam,
1085 1282 1196 1316 quom
1224 1270 1291 1306 illis
1319 1271 1437 1316 placet

335 1326 398 1371 qui
424 1327 529 1361 uobis
556 1328 738 1363 uniuorsis
764 1335 799 1363 et
826 1329 963 1374 populo
990 1330 1148 1374 placent,

335 1396 490 1429 quorum
517 1397 628 1430 opera
655 1387 690 1421 in
719 1388 826 1429 bello,
855 1387 891 1421 in
917 1387 1003 1430 otio,
1030 1388 1064 1421 in
1092 1387 1239 1432 negotio

334 1454 401 1477 suo
427 1444 581 1489 quisque
607 1452 772 1489 tempore
798 1452 899 1479 usust
928 1446 1006 1480 sine
1033 1446 1216 1491 superbia.

241 1511 387 1547 uidetur
421 1520 545 1548 autem
581 1514 696 1548 leuius
736 1526 775 1549 se
816 1514 1038 1558 defendisse,
1077 1515 1163 1560 quia
1199 1514 1337 1549 sciebat
1377 1514 1499 1550 Laelio
1537 1522 1572 1550 et

242 1569 404 1615 Scipioni
431 1583 507 1606 non
534 1572 717 1616 ingratam
744 1584 825 1607 esse
851 1574 948 1607 hanc
971 1572 1195 1618 opinionem.
1245 1584 1338 1617 quae
1357 1580 1434 1607 tum
1453 1573 1572 1617 magis

241 1634 277 1662 et
304 1640 420 1674 usque
446 1630 493 1664 ad
523 1630 727 1675 posteriora
753 1637 922 1675 tempora
951 1630 1076 1665 ualuit.
1139 1632 1179 1665 C.
1207 1631 1406 1665 Memmius
1433 1630 1469 1665 in
1495 1642 1573 1665 ora-

241 1686 341 1721 tione
359 1699 426 1731 pro
447 1699 485 1722 se
506 1689 514 1706 ‘
530 1689 569 1723 P.
588 1689 783 1723 Africanus
797 1692 804 1706 ’
824 1689 939 1734 inquit
963 1694 971 1706 ⁴
986 1701 1008 1723 a
1026 1689 1199 1723 Terentio
1218 1700 1415 1734 personam
1434 1697 1574 1724 mutua-

240 1752 310 1788 tus,
337 1757 432 1790 quae
459 1746 558 1781 domi
585 1747 720 1781 luserat
749 1747 838 1792 ipse,
860 1747 1011 1781 nomine
1038 1746 1132 1781 illius
1159 1746 1196 1780 in
1222 1758 1395 1782 scaenam
1423 1747 1574 1782 detulit.'

242 1803 370 1847 Nepos
396 1812 543 1839 auctore
571 1811 671 1839 certo
697 1805 920 1850 comperisse
947 1816 986 1839 se
1013 1804 1063 1838 ait
1084 1806 1124 1839 C.
1145 1805 1310 1839 Laelium
1328 1805 1516 1849 quondam
1536 1805 1573 1840 in

243 1861 445 1896 Puteolano
469 1862 639 1897 kalendis
665 1863 806 1898 martiis
832 1862 1063 1898 admonitum
1088 1863 1136 1897 ab
1162 1874 1284 1906 uxore,
1309 1862 1509 1907 temperius
1535 1870 1573 1898 ut

242 1918 501 1963 discumberet,
519 1920 655 1965 petisse
683 1921 730 1955 ab
756 1933 800 1955 ea
822 1932 869 1955 ne
894 1932 932 1955 se
960 1921 1221 1965 interpellaret,
1242 1931 1395 1965 seroque
1421 1921 1572 1955 tandem

244 1977 449 2020 ingressum
477 1978 674 2013 triclinium
701 1978 835 2013 dixisse
861 1990 935 2013 non
953 1990 1064 2024 saepe
1083 1979 1118 2013 in
1138 1978 1333 2013 scribendo
1358 1979 1477 2023 magis
1504 1980 1571 2014 sibi

242 2036 489 2071 successisse:
530 2037 664 2071 deinde
692 2044 861 2081 rogatum
888 2044 925 2071 ut
952 2037 1088 2082 scripta
1114 2037 1174 2071 illa
1199 2037 1384 2082 proferret,
1410 2049 1572 2082 pronun-

240 2092 352 2129 tiasse
371 2105 500 2129 uersus
519 2095 581 2140 qui
600 2102 684 2129 sunt
703 2096 739 2129 in
762 2096 935 2130 Heauton
954 2095 1221 2130 timorumeno:

337 2164 437 2199 Satis
463 2165 525 2210 pol
550 2171 720 2210 proterue
746 2176 806 2199 me
833 2164 914 2209 Syri
941 2165 1123 2209 promissa
1149 2165 1221 2199 huc
1247 2164 1474 2199 induxerunt.

243 2234 378 2268 Santra
404 2233 619 2269 Terentium
645 2234 839 2276 existimat,
863 2233 893 2268 si
922 2234 1034 2268 modo
1060 2233 1096 2268 in
1123 2234 1319 2268 scribendo
1345 2233 1573 2270 adiutoribus

243 2291 451 2336 indiguerit,
478 2304 552 2327 non
579 2299 654 2327 tam
682 2292 856 2337 Scipione
885 2298 921 2326 et
952 2292 1077 2326 Laelio
1107 2292 1159 2327 uti
1192 2292 1366 2337 potuisse,
1394 2292 1454 2338 qui
1485 2299 1572 2327 tunc

242 2350 507 2385 adulescentuli
538 2351 684 2396 suerint,
710 2362 821 2396 quam
857 2352 899 2386 C,
935 2350 1098 2395 Sulpicio
1126 2351 1245 2395 Gallo,
1271 2351 1421 2386 homine
1451 2351 1572 2394 docto,
