1773 2750
523 105 795 144 HEAVTON
827 106 1249 146 TIMORVMENOS
1518 111 1547 149 I.
1568 110 1583 148 i

733 333 970 381 ACTVS
1024 336 1042 381 Ι

519 468 790 507 CHREMES
902 468 1264 507 MENEDEMVS
1567 475 1580 511 i

225 569 314 607 CH.
347 568 599 616 Quamquam
620 565 718 604 haec
738 565 838 604 inter
858 579 929 605 nos
950 568 1075 616 nuper
1095 566 1233 606 notitia
1252 568 1504 607 admodumst

220 631 330 681 (inde
351 632 451 670 adeo
472 644 592 681 quom
614 643 748 681 agrum
770 630 809 668 in
831 631 1022 680 proxumo
1043 631 1107 669 hic
1129 632 1320 671 mercatus
1342 633 1399 675 esi,

160 704 201 741 55
221 709 294 734 nec
314 697 368 734 rei
388 697 466 734 fere
487 709 580 734 sane
600 697 665 733 lzoc
683 695 849 745 amplius
871 695 1082 745 quicquam
1104 695 1175 734 fuit
1193 712 1199 735 :

219 760 351 799 tame'n
372 762 435 799 uel
455 760 577 798 uirtus
598 759 663 798 tria
683 773 746 798 me
767 761 829 798 uel
851 759 1042 807 uicinitas‚

219 826 327 876 quod
348 839 420 875 ego
440 827 479 863 1'n
500 825 720 876 propinqua
741 825 1063 878 parte‘amicitiae
1083 833 1193 876 puto,
1565 844 1581 874 5

218 890 309 928 facit
330 889 371 928 lit
392 897 430 928 te
450 891 636 929 audacter
656 889 840 928 moneam
863 897 900 928 et
921 889 1171 939 familiariter,

219 956 327 1005 quod
348 954 443 992 mihi
464 954 598 993 uidere
618 954 769 1005 prae'ter
788 955 956 994 aetatem
978 962 1084 993 tuam

155 1021 201 1055 60
219 1021 345 1058 facere
365 1021 403 1058 et
424 1026 575 1070 praeter
595 1033 713 1069 quam
735 1019 794 1058 res
815 1027 853 1058 te
873 1019 1100 1059 adhortatur
1121 1027 1195 1058 tua.

219 1098 309 1123 nam
330 1085 400 1135 pro
420 1086 539 1123 deum
560 1091 678 1134 atque
699 1084 905 1123 hominum
927 1086 1046 1124 fidem
1068 1085 1163 1136 quid
1185 1087 1243 1124 uis
1260 1085 1359 1125 tibi?

217 1149 314 1200 quid
334 1148 516 1199 quaeris?
545 1162 670 1187 annos
691 1149 889 1199 sexaginta
909 1150 1022 1188 nzitus
1044 1163 1085 1188 es
1570 1167 1607 1189 10

217 1223 284 1253 aut
304 1214 390 1265 plus
411 1227 470 1261 eo,
493 1221 534 1252 ut
555 1214 710 1252 conicio
728 1229 737 1262 3
766 1213 805 1252 in
827 1214 886 1253 his
907 1214 1131 1264 regionibus

220 1279 421 1318 meliorem
441 1293 575 1329 agrum
596 1293 725 1329 neque
746 1279 843 1329 preti
865 1279 1020 1318 maioris
1042 1281 1160 1318 nemo
1181 1281 1298 1319 habet
1314 1295 1323 1328 3

156 1348 199 1391 65
220 1344 353 1383 seruos
374 1344 585 1394 compluris
603 1359 608 1382 :
639 1345 804 1394 proinde
825 1344 935 1394 quasi
957 1345 1074 1383 nemo
1096 1344 1178 1392 siet,

219 1408 272 1447 ita
290 1409 438 1447 attente
458 1416 540 1447 tute
561 1408 714 1447 illorum
736 1408 863 1447 officia
883 1409 1052 1459 fungere.

219 1474 436 1524 numquam
458 1481 538 1512 tam
560 1487 674 1512 mane
696 1473 872 1523 egredior
892 1487 1021 1523 neque
1042 1481 1121 1512 tam
1144 1474 1296 1524 uesperi
1570 1492 1605 1524 ¹5

219 1540 383 1577 domum
405 1547 579 1578 reuortor
599 1540 694 1589 quin
715 1546 752 1577 te
773 1539 811 1577 in
832 1540 956 1578 fundo
978 1539 1182 1590 conspicer

220 1604 354 1642 fodere
374 1603 439 1642 aut
459 1617 566 1642 arare
586 1611 653 1641 aut
673 1602 821 1653 aliquid
841 1605 948 1642 ferre.
1008 1603 1180 1654 denique

159 1680 203 1715 70
221 1668 371 1706 nullum
392 1668 554 1708 remittis
576 1668 731 1719 tempus
752 1682 880 1719 neque
901 1676 939 1707 te
959 1668 1128 1718 respicis.

221 1733 318 1771 haec
338 1734 418 1772 non
439 1733 631 1784 uoluptati
652 1733 722 1772 tibi
743 1746 826 1772 esse
847 1733 938 1772 satis
959 1734 1065 1772 certo
1086 1732 1178 1772 scio.

223 1801 232 1818 ‘
247 1805 285 1836 at
306 1799 411 1836 enim
433 1812 495 1837 me
516 1806 707 1848 quantum
728 1798 792 1837 hic
813 1797 940 1848 operis
960 1799 1025 1837 fiat
1045 1798 1242 1849 paenitet!
1568 1812 1607 1835 20

221 1863 329 1912 quod
350 1862 389 1900 in
410 1863 527 1913 opere
547 1863 734 1902 faciundo
755 1864 895 1913 operae
916 1864 1115 1902 consumis
1136 1870 1237 1910 tuae,

221 1926 251 1965 si
273 1929 404 1966 sumas
424 1927 463 1965 in
485 1927 558 1966 illis
579 1928 818 1976 exercendis,
838 1928 924 1979 phis
944 1942 1045 1978 agas.

159 1999 200 2036 75
221 1992 325 2029 ME.
357 1992 559 2040 Chremes,
580 2000 785 2031 tantumne
805 1993 856 2031 ab
875 1992 915 2031 re
935 1999 1037 2031 tuast
1058 1993 1112 2031 oti
1133 1991 1203 2031 tibi

220 2055 347 2094 aliena
366 2064 409 2094 ut
429 2070 540 2095 cures
561 2056 607 2095 e'a
626 2070 727 2107 quae
749 2056 803 2095 nil
823 2058 874 2096 ad
895 2064 933 2095 te
953 2056 1151 2096 attinent?

265 2167 305 2197 54
329 2168 430 2198 quom
441 2158 611 2190 Fleckeisen
629 2171 635 2190 :
660 2160 748 2199 quod
760 2159 848 2190 codd.
971 2169 1012 2199 55
1037 2160 1100 2190 hoc
1118 2170 1332 2191 numerorum
1344 2161 1454 2200 gratia
1470 2160 1545 2191 add.

221 2200 380 2232 Dzialzko
391 2202 456 2233 coll.
470 2202 563 2234 And.
581 2212 620 2241 31
713 2204 755 2241 58
773 2203 944 2234 audaciter
960 2203 993 2232 A
1065 2204 1072 2212 '
1096 2205 1137 2241 64
1154 2214 1269 2243 agrum
1287 2208 1361 2234 ante
1377 2204 1409 2234 in
1424 2204 1476 2234 his
1486 2208 1551 2234 stat

220 2245 253 2274 in
281 2245 394 2276 codam
419 2249 539 2286 transp.
571 2246 761 2277 Bneclzelero
786 2246 941 2277 suadente
956 2246 1119 2277 Dcz'alzko
1250 2248 1292 2285 65
1316 2257 1434 2277 seruos
1459 2257 1548 2277 com-

221 2288 325 2327 pluris
347 2288 434 2320 codd.
456 2301 463 2320 :
495 2290 585 2320 serui
603 2290 792 2330 complures
812 2290 914 2330 Guyet
930 2290 1014 2331 uolg.
1036 2302 1041 2321 ι
1074 2300 1193 2320 seruos
1211 2300 1278 2320 non
1297 2290 1401 2329 pluris
1417 2289 1549 2330 Bentley

222 2341 261 2370 72
285 2337 318 2362 at
343 2332 431 2363 enirn
457 2343 508 2363 me
534 2332 704 2364 Muretus:
732 2334 773 2364 ad
798 2334 888 2364 enim
913 2333 1004 2364 dices
1028 2333 1061 2363 A
1091 2333 1260 2373 Eugraplt.
1287 2333 1319 2364 ιἰι
1345 2333 1481 2365 lemm.:
1506 2334 1546 2364 ad

221 2375 309 2406 enim
327 2385 380 2406 me
397 2376 491 2407 dices
507 2376 556 2406 A²
575 2388 581 2406 τ
605 2382 638 2407 at
655 2377 745 2407 enim
763 2377 855 2408 dices
873 2387 924 2408 me
941 2380 1004 2407 cett.
1025 2380 1052 2408 ct
1068 2376 1222 2407 Donatus
1237 2376 1284 2408 ad
1296 2375 1433 2408 Plzorm.
1458 2387 1517 2416 172
