1773 2750
122 114 168 152 V.
191 123 221 151 v
480 111 520 148 P.
553 108 805 148 TERENTI
836 107 970 145 AFRI
1002 106 1224 144 ANDRIA

189 237 239 262 ne
260 221 490 274 exspectetis
510 222 606 261 dum
628 220 766 259 exeant
786 220 863 257 huc
880 233 886 256 :
917 218 1020 256 intus
1041 214 1350 267 despondebit-ar
1364 229 1374 263 ;
1533 212 1603 255 930

129 304 167 337 25
189 289 293 327 intus
342 285 573 337 transigetur
611 284 643 323 si
681 283 776 334 quid
816 283 873 322 est
911 283 1020 333 quod
1070 288 1197 320 restet.
1321 281 1511 319 CANToR.

404 351 605 391 Plaudite!

414 664 602 703 ALTER
642 662 843 702 EXITVS
877 661 1290 702 SVPPOSITICIVS

298 767 576 799 PAmmevs
644 765 899 796 Canum-s
967 763 1192 794 CHREMES
1261 762 1414 795 DAvos

188 861 264 893 ΡΑ.
291 861 338 892 Te
363 859 624 900 exspectabam:
651 864 702 890 est
727 858 768 889 de'
794 862 851 889 tua
875 867 911 888 re
928 858 1019 897 qudd
1043 867 1144 897 agere
1169 867 1232 896 ego
1255 859 1364 888 tecum
1388 857 1475 888 uolo.

188 917 326 955 dperam
351 914 429 945 dedi
454 923 497 944 ne
521 924 574 944 me
599 916 674 944 esse
698 912 835 944 oblitum
859 913 950 943 dicas
975 916 1051 943 tuae
1076 916 1198 950 gnatae
1222 911 1373 944 alterae:

188 969 248 1000 tibi
272 978 325 999 me
349 968 471 1007 opinor
494 967 667 997 inuenisse
691 967 830 1006 dignum
855 971 888 996 te
913 971 1012 1005 atque
1037 965 1092 996 illa
1116 965 1232 996 uirum.

192 1021 303 1054 CHA.
331 1022 426 1061 perii,
453 1021 570 1052 Daue:
595 1020 636 1051 de
661 1030 736 1051 meo
759 1030 872 1051 amore
895 1029 933 1050 ae
958 1021 1028 1050 uita
1053 1029 1141 1049 nunc
1162 1029 1237 1050 sors
1261 1018 1397 1050 to'llitur.

153 1079 170 1112 5
192 1075 298 1108 ΕΗΒ.
323 1079 393 1107 ῐιόῐι
418 1086 506 1107 noua
530 1075 633 1106 istaec
657 1074 738 1105 mihi
763 1073 956 1113 condiciost,
982 1075 1011 1104 si
1035 1072 1227 1112 noluissem,
1256 1072 1440 1112 Pamphile.
1536 1079 1552 1116 5

190 1131 299 1162 CHA.
319 1131 439 1170 decidi,
459 1130 564 1162 Daue.
613 1129 694 1160 DA.
722 1129 778 1168 a'h,
796 1139 904 1160 mane.
953 1128 1063 1160 CHA.
1085 1129 1179 1168 perii.
1230 1127 1336 1159 ΕΗΒ.
1365 1128 1398 1159 id
1415 1137 1512 1167 quam

361 1185 403 1217 db
427 1195 497 1216 rem
521 1195 590 1216 non
615 1183 706 1215 uolui
731 1183 880 1224 eloquar.

187 1244 254 1272 n6n
279 1241 404 1272 idcirco
427 1240 517 1280 qu6d
542 1249 618 1270 eum
648 1238 785 1269 omnino
818 1238 964 1269 adfinem
995 1237 1074 1269 mihi
1099 1236 1232 1277 nollem,
1261 1235 1370 1268 CHA.
1398 1237 1485 1268 hem.

359 1293 442 1325 DA.
464 1299 547 1324 tace.

187 1349 292 1381 CHR.
320 1349 380 1380 sed
404 1348 546 1379 amicitia
569 1350 683 1379 ndstra
705 1357 792 1386 quae
816 1351 868 1378 est
891 1357 910 1377 a
934 1346 1082 1386 patribus
1106 1346 1228 1377 nostris
1251 1346 1383 1385 traidita,

187 1407 256 1435 non
281 1403 426 1443 aliquam
450 1405 592 1443 partem,
617 1401 676 1432 sed
695 1401 809 1433 studui
833 1401 1008 1432 adauctam
1035 1401 1122 1432 tradi
1147 1400 1272 1431 liberis.

128 1471 167 1493 10
186 1462 277 1490 nune
300 1468 401 1498 quom
426 1457 523 1497 copia
546 1459 585 1488 zie
609 1457 742 1488 fortuna
766 1458 898 1496 utrique
924 1460 959 1486 ut
982 1454 1191 1495 obsequerer
1214 1455 1316 1493 dedit,
1535 1462 1577 1488 10

185 1515 294 1546 detur.
335 1511 412 1544 ΡΑ.
431 1512 519 1543 bene
535 1511 668 1543 sactum.
712 1510 790 1541 DA.
818 1511 873 1541 adi
891 1515 990 1550 atque
1007 1521 1070 1550 age
1088 1510 1213 1542 homini
1226 1509 1358 1550 gratias.
1402 1506 1512 1540 CHA.

359 1566 462 1606 salue,
490 1566 664 1603 Chremes,

187 1626 337 1655 meorum
361 1622 543 1653 amicorum
567 1620 715 1651 omnium
741 1620 784 1650 mi
809 1622 1033 1659 aequissume.

185 1677 265 1716 quid
289 1676 394 1707 masta
418 1674 540 1706 uerba?
574 1674 656 1704 mihi
681 1684 748 1704 non
774 1673 883 1704 minus
907 1679 958 1705 est
982 1673 1106 1714 gaudio

125 1739 164 1773 15
184 1741 238 1762 me
262 1731 464 1771 repperisse,
489 1734 525 1761 ut
549 1730 681 1761 habitus
707 1730 850 1761 antehac
874 1729 921 1760 fui
947 1729 1017 1768 tibi,

125 1794 164 1826 14
183 1796 282 1826 quam
306 1785 357 1815 mi
376 1784 499 1816 euenire
523 1784 610 1815 minc
634 1784 667 1814 id
691 1784 780 1824 quod
806 1795 864 1825 ego
888 1783 947 1815 abs
971 1788 1004 1814 te
1029 1786 1164 1822 expeto.
1536 1782 1574 1819 15

185 1839 291 1872 ΕΗΒ.
319 1839 475 1878 animum,
502 1838 659 1878 Charine,
687 1842 898 1879 qudcumque
922 1837 1157 1877 adplicaueris,

183 1895 332 1926 studium
355 1893 479 1925 exinde
503 1897 538 1924 ut
561 1893 634 1931 erit,
664 1895 736 1924 tute
760 1892 1019 1924 existimaueris.

184 1948 262 1981 PA.
289 1949 322 1980 id
345 1949 391 1979 ita
415 1951 491 1979 esse
515 1947 627 1979 facere
655 1947 883 1979 coniecturam
908 1957 951 1978 ex
975 1949 1028 1977 me
1053 1946 1141 1977 licet.

188 2001 296 2034 CHA.
322 2002 453 2034 alie'nus
477 2003 536 2033 abs
560 2008 594 2033 te
618 2004 731 2033 tamen
757 2002 813 2041 qui
838 2011 934 2032 esses
958 2004 1130 2031 noueram.

125 2065 166 2087 20
187 2057 295 2090 CHR.
321 2057 367 2088 ita
391 2060 446 2088 res
470 2061 529 2088 est.
580 2061 713 2096 gnatam
737 2056 797 2087 tibi
821 2065 929 2086 meam
954 2053 1188 2085 Philumenam
1533 2061 1576 2086 20

185 2116 324 2144 uxorem
348 2116 383 2143 et
406 2111 494 2143 dotis
517 2114 581 2143 sex
604 2110 730 2142 talenta
753 2110 915 2150 sp6ndeo.

228 2217 246 2245 4
271 2215 361 2236 nunc
378 2203 454 2236 add.
476 2204 597 2245 Guyet:
622 2202 724 2235 sortis
736 2207 798 2243 pro
815 2211 887 2234 sors
906 2200 1022 2233 melius
1038 2200 1212 2232 Fleckeisen
1330 2199 1352 2229 6
1374 2198 1416 2229 ah
1434 2196 1509 2228 add.

185 2248 313 2281 Ritschl
423 2258 445 2287 9
468 2248 529 2279 sed
545 2246 623 2278 add.
640 2246 800 2278 Dziatzko
924 2255 958 2275 11
984 2244 1038 2275 adi
1053 2243 1180 2275 Rz'tschl
1194 2254 1200 2273 ε
1224 2241 1276 2273 abi
1294 2242 1346 2272 uel
1360 2242 1404 2272 ibi
1420 2240 1507 2272 codd.

188 2303 227 2324 12
250 2293 464 2333 aequissume
482 2290 678 2323 Fleckeisen:
703 2289 860 2329 agissirne
879 2287 967 2319 codd.
1131 2297 1169 2326 13
1192 2286 1297 2317 multa
1312 2284 1415 2316 uerba
1431 2283 1508 2315 add.

185 2336 339 2368 th‘atzko
498 2345 546 2374 14,
579 2343 617 2374 15
641 2332 815 2365 Dziatzko:
840 2332 968 2363 inuersa
987 2329 1100 2363 ordine
1119 2339 1234 2362 uersus
1249 2328 1400 2370 praebent
1419 2327 1504 2360 codd.

189 2382 228 2412 16
251 2389 448 2421 quocunque
465 2375 622 2410 Dziatzko
638 2388 645 2408 :
668 2377 921 2417 quoadcumque
938 2373 1026 2406 codd.
