1773 2750
693 123 1000 161 ADELPHOE
1430 125 1508 162 111.
1528 125 1558 162 ii

187 244 244 276 tot
259 236 318 275 res
334 244 492 287 repente
505 234 799 274 circumuallant
813 247 854 272 se
871 234 975 272 [inde
992 233 1135 283 emergi
1149 233 1227 272 non
1242 240 1389 285 potest:

186 303 244 340 uis
264 309 412 352 egestas
433 299 618 338 iniustitia
637 298 809 337 solitudo
829 297 997 337 infamia.
1529 319 1546 350 5

186 366 327 405 hocine
354 367 549 404 saeclum!
605 377 629 402 o
656 365 814 411 scelera,
834 376 858 401 o
877 376 1020 413 genera
1046 362 1242 412 sacrilega,
1262 376 1286 401 O
1307 361 1509 402 hominem

398 429 549 479 inpium
567 432 573 467 Ξ

97 506 162 542 305
186 497 265 535 SO.
301 509 364 534 me
384 496 577 542 miseram,
598 493 694 543 quid
715 506 805 531 nam
830 500 887 531 est
912 493 1020 543 quod
1045 492 1099 531 sic
1126 492 1244 532 uideo
1264 491 1445 532 timidum
1469 500 1508 532 et

396 561 669 610 properantem
691 560 862 597 Getam?

186 626 274 663 GE.
312 638 429 674 quem
459 625 587 673 neque
616 624 714 661 fides
748 636 877 672 neque
909 622 967 660 iiis
997 622 1205 661 iurandum
1235 622 1364 672 neque
1397 621 1505 660 illum

393 687 656 726 misericordia

179 753 356 803 repressit
372 766 501 803 neque
514 751 660 791 reflexit
674 764 802 802 neque
816 753 923 801 quod
937 752 1068 802 partus
1082 751 1251 790 instabat
1263 764 1398 801 prope,

177 819 270 870 quoi
302 821 462 859 miserae
492 818 650 869 indigne
680 818 748 869 pe'r
776 818 857 857 uim
889 818 1027 857 uitium
1060 819 1262 858 obtulerat.
1320 819 1398 858 SO.
1422 831 1503 857 non
1526 835 1565 857 10

390 884 574 934 intellego

176 948 267 987 satis
297 962 396 999 quae
426 948 606 999 loquitur.
670 950 751 988 CA.
785 948 943 999 prepius
973 949 1136 987 obsecro
1162 949 1410 996 accedamus,
1437 948 1503 988 Ξό-

392 1021 518 1051 strata.
584 1014 672 1052 GE.
704 1014 755 1050 ah

90 1092 158 1126 310
178 1091 239 1116 me
256 1079 454 1125 miserum,
470 1078 533 1116 uix
549 1091 635 1116 sum
657 1078 820 1128 compos
835 1077 970 1125 animi,
983 1077 1035 1116 ita
1050 1079 1168 1117 ardeo
1182 1077 1391 1117 iracundia.

176 1143 229 1181 nil
262 1145 320 1182 est
350 1145 459 1194 quod
491 1143 624 1182 malim
659 1157 777 1193 quam
810 1144 914 1181 illam
947 1150 1069 1182 totam
1101 1143 1287 1182 familiam
1328 1143 1409 1182 dari
1447 1142 1499 1180 mi

388 1208 559 1255 obuiam,

173 1280 215 1311 ut
232 1287 304 1324 ego
320 1274 422 1312 hanc
439 1272 533 1311 iram
551 1272 590 1311 in
604 1286 671 1312 eos
688 1274 871 1312 euomam
886 1286 1056 1321 omnem,
1073 1273 1169 1312 dum
1182 1272 1386 1323 aegritudo
1402 1273 1500 1312 haec

389 1341 446 1376 est
467 1351 615 1376 recens.

174 1400 281 1454 [satis
304 1402 399 1441 mihi
421 1402 460 1441 id
488 1403 656 1441 habeam
680 1402 857 1452 supplici,
881 1403 977 1442 dum
1006 1401 1091 1441 illos
1109 1402 1272 1441 ulciscar
1294 1400 1445 1454 modo]
1522 1416 1559 1449 15

171 1467 253 1505 seni
281 1467 452 1506 animam
477 1467 646 1517 primum
672 1469 956 1519 exstinguerem
984 1467 1067 1518 ipsi,
1095 1468 1162 1518 qui
1189 1469 1285 1507 illud
1317 1468 1500 1518 produxit

383 1535 508 1572 scelus
524 1548 533 1581 3

83 1611 148 1647 315
171 1605 253 1635 tum
291 1599 422 1636 autem
453 1599 590 1648 Syrum
621 1597 872 1648 inpulsorem,
905 1599 992 1645 uah,
1025 1597 1169 1649 quibus
1209 1599 1317 1637 illum
1359 1599 1498 1637 lacera-

382 1665 462 1702 rem
484 1664 635 1702 modis!

169 1728 366 1767 sublimen
389 1728 563 1767 medium
589 1729 798 1779 arriperem
826 1735 864 1767 et
891 1727 1018 1779 capite
1045 1729 1212 1779 pronum
1234 1727 1274 1766 in
1295 1735 1395 1767 terra
1423 1729 1496 1768 sta-

381 1801 540 1840 tuerem,

167 1865 208 1895 ut
229 1858 388 1896 cerebro
409 1857 603 1908 dispergat
625 1857 739 1896 uiam.

165 1922 407 1961 adulescenti
447 1922 519 1973 ipsi
558 1922 746 1974 eriperem
789 1924 938 1970 oculos,
979 1923 1066 1973 post
1102 1924 1199 1962 haec
1237 1922 1489 1974 praeeipitem
1513 1935 1553 1958 20

376 1990 521 2027 darem.

165 2054 313 2093 ceteros
335 2067 485 2092 ruerem
506 2054 659 2104 agerem
681 2066 856 2103 raperem
879 2054 1085 2092 tunderem
1107 2061 1144 2092 et
1165 2055 1461 2104 prosternerem.

79 2131 146 2165 320
165 2118 234 2156 sed
265 2120 375 2157 cesso
410 2131 514 2157 eram
549 2119 626 2156 hoe
661 2119 764 2156 malo
796 2117 978 2168 inpertire
1009 2118 1202 2169 propere?
1270 2119 1348 2159 SO.
1382 2132 1489 2157 reuo-

376 2186 533 2222 cemus:
565 2184 675 2222 Geta.
739 2184 828 2222 GE.
861 2184 964 2230 hem,

206 2281 269 2320 308
295 2281 450 2320 indignae
466 2281 499 2311 A
619 2291 683 2320 309
707 2280 811 2311 satius
827 2292 912 2320 quae
932 2281 1078 2320 loquitur
1094 2281 1125 2311 A
1144 2292 1149 2311 :
1174 2282 1255 2312 satis
1273 2292 1356 2321 quae
1375 2282 1486 2321 loqua-

163 2328 217 2354 tur
233 2324 311 2355 (1²2
412 2324 568 2364 proprius
584 2325 616 2354 A
794 2334 858 2362 312
884 2324 965 2355 iram
985 2325 1071 2354 hanc
1090 2328 1113 2353 Σ
1220 2336 1278 2355 cos
1295 2325 1435 2365 duplica!
1453 2326 1484 2355 Λ

161 2377 225 2406 313
245 2368 428 2408 proscripsit
453 2367 553 2407 Gnyet
690 2369 754 2406 316
778 2367 943 2399 sublimen
967 2368 1162 2399 Fleckezssscn:
1195 2369 1373 2400 sublimem
1397 2369 1486 2402 codd.

248 2421 387 2450 pronum
400 2411 573 2441 Paumier:
591 2421 655 2442 om.
677 2411 709 2441 A
728 2422 734 2442 :
759 2411 901 2450 primum
920 2414 943 2441 Σ

203 2475 278 2495 Tm.
297 2475 449 2496 ADELPH.
1359 2477 1397 2506 l‘.)
