<?xml version="1.0" encoding="UTF-8"?>
<!DOCTYPE html PUBLIC "-//W3C//DTD XHTML 1.0 Transitional//EN"
    "http://www.w3.org/TR/xhtml1/DTD/xhtml1-transitional.dtd">
<html xmlns="http://www.w3.org/1999/xhtml" xml:lang="en" lang="en">
 <head>
  <title>
</title>
<meta http-equiv="Content-Type" content="text/html;charset=utf-8" />
  <meta name='ocr-system' content='tesseract 3.04.00' />
  <meta name='ocr-capabilities' content='ocr_page ocr_carea ocr_par ocr_line ocrx_word'/>
</head>
<body>
  <div class='ocr_page' id='page_1' title='image "./comoediaerecogno00tereuoft_0238.png"; bbox 0 0 1773 2750; ppageno 0'>
   <div class='ocr_carea' id='block_1_1' title="bbox 110 91 1121 129">
    <p class='ocr_par' dir='ltr' id='par_1_1' title="bbox 110 91 1121 129">
     <span class='ocr_line' id='line_1_1' title="bbox 110 91 1121 129; baseline 0 -1"><span class='ocrx_word' id='word_1_1' title='bbox 110 91 235 129; x_wconf 85' lang='lat' dir='ltr'>111.ii</span> <span class='ocrx_word' id='word_1_2' title='bbox 633 93 673 128; x_wconf 89' lang='lat' dir='ltr'>P.</span> <span class='ocrx_word' id='word_1_3' title='bbox 706 91 958 129; x_wconf 87' lang='lat' dir='ltr'><strong>TERENTI</strong></span> <span class='ocrx_word' id='word_1_4' title='bbox 988 91 1121 128; x_wconf 82' lang='lat' dir='ltr'><strong>AFRI</strong></span> 
     </span>
    </p>
   </div>
   <div class='ocr_carea' id='block_1_2' title="bbox 151 200 1620 964">
    <p class='ocr_par' dir='ltr' id='par_1_2' title="bbox 151 200 1620 964">
     <span class='ocr_line' id='line_1_2' title="bbox 208 200 1532 252; baseline -0.001 -13"><span class='ocrx_word' id='word_1_5' title='bbox 208 215 299 239; x_wconf 84' lang='lat' dir='ltr'>nam</span> <span class='ocrx_word' id='word_1_6' title='bbox 322 203 389 251; x_wconf 79' lang='lat' dir='ltr'>qui</span> <span class='ocrx_word' id='word_1_7' title='bbox 411 210 516 240; x_wconf 87' lang='lat' dir='ltr'>amat</span> <span class='ocrx_word' id='word_1_8' title='bbox 538 201 631 252; x_wconf 90' lang='lat' dir='ltr'>quoi</span> <span class='ocrx_word' id='word_1_9' title='bbox 653 202 746 241; x_wconf 91' lang='lat' dir='ltr'>odio</span> <span class='ocrx_word' id='word_1_10' title='bbox 767 201 902 252; x_wconf 77' lang='lat' dir='ltr'>ipsust,</span> <span class='ocrx_word' id='word_1_11' title='bbox 925 215 1015 240; x_wconf 84' lang='lat' dir='ltr'>eum</span> <span class='ocrx_word' id='word_1_12' title='bbox 1037 201 1097 240; x_wconf 92' lang='lat' dir='ltr'>bis</span> <span class='ocrx_word' id='word_1_13' title='bbox 1119 201 1244 239; x_wconf 74' lang='lat' dir='ltr'>facere</span> <span class='ocrx_word' id='word_1_14' title='bbox 1266 201 1383 239; x_wconf 87' lang='lat' dir='ltr'>stulte</span> <span class='ocrx_word' id='word_1_15' title='bbox 1404 200 1532 239; x_wconf 76' lang='lat' dir='ltr'>duco:</span> 
     </span>
     <span class='ocr_line' id='line_1_3' title="bbox 207 265 1342 316; baseline 0 -13"><span class='ocrx_word' id='word_1_16' title='bbox 207 266 382 304; x_wconf 80' lang='lat' dir='ltr'>laborem</span> <span class='ocrx_word' id='word_1_17' title='bbox 403 266 560 305; x_wconf 84' lang='lat' dir='ltr'>inanem</span> <span class='ocrx_word' id='word_1_18' title='bbox 582 266 688 316; x_wconf 74' lang='lat' dir='ltr'>ipsus</span> <span class='ocrx_word' id='word_1_19' title='bbox 709 266 812 316; x_wconf 84' lang='lat' dir='ltr'>capit</span> <span class='ocrx_word' id='word_1_20' title='bbox 833 273 870 304; x_wconf 83' lang='lat' dir='ltr'>et</span> <span class='ocrx_word' id='word_1_21' title='bbox 880 265 945 304; x_wconf 78' lang='lat' dir='ltr'>illi</span> <span class='ocrx_word' id='word_1_22' title='bbox 966 265 1185 304; x_wconf 80' lang='lat' dir='ltr'>molestiam</span> <span class='ocrx_word' id='word_1_23' title='bbox 1207 265 1342 303; x_wconf 78' lang='lat' dir='ltr'>adfert.</span> 
     </span>
     <span class='ocr_line' id='line_1_4' title="bbox 151 329 1616 380; baseline -0.001 -11"><span class='ocrx_word' id='word_1_24' title='bbox 151 348 188 369; x_wconf 74' lang='grc' dir='ltr'>ιο</span> <span class='ocrx_word' id='word_1_25' title='bbox 208 338 292 369; x_wconf 87' lang='lat' dir='ltr'>tum</span> <span class='ocrx_word' id='word_1_26' title='bbox 312 330 415 369; x_wconf 86' lang='lat' dir='ltr'>fssius</span> <span class='ocrx_word' id='word_1_27' title='bbox 436 338 524 370; x_wconf 87' lang='lat' dir='ltr'>tuos</span> <span class='ocrx_word' id='word_1_28' title='bbox 545 332 646 370; x_wconf 82' lang='lat' dir='ltr'>intro</span> <span class='ocrx_word' id='word_1_29' title='bbox 666 330 708 368; x_wconf 85' lang='lat' dir='ltr'>iit</span> <span class='ocrx_word' id='word_1_30' title='bbox 728 329 874 378; x_wconf 84' lang='lat' dir='ltr'>uide‘re,</span> <span class='ocrx_word' id='word_1_31' title='bbox 896 337 938 368; x_wconf 91' lang='lat' dir='ltr'>ut</span> <span class='ocrx_word' id='word_1_32' title='bbox 959 330 1078 377; x_wconf 84' lang='lat' dir='ltr'>uenit,</span> <span class='ocrx_word' id='word_1_33' title='bbox 1101 330 1197 380; x_wconf 75' lang='lat' dir='ltr'>quid</span> <span class='ocrx_word' id='word_1_34' title='bbox 1216 336 1315 379; x_wconf 88' lang='lat' dir='ltr'>agat.</span> <span class='ocrx_word' id='word_1_35' title='bbox 1552 336 1616 371; x_wconf 73' lang='lat'>345</span> 
     </span>
     <span class='ocr_line' id='line_1_5' title="bbox 210 392 1530 446; baseline -0.003 -11"><span class='ocrx_word' id='word_1_36' title='bbox 210 397 288 435; x_wconf 82' lang='lat' dir='ltr'>So.</span> <span class='ocrx_word' id='word_1_37' title='bbox 321 395 417 446; x_wconf 87' lang='lat' dir='ltr'>quid</span> <span class='ocrx_word' id='word_1_38' title='bbox 447 392 533 434; x_wconf 72' lang='lat' dir='ltr'>ais?</span> <span class='ocrx_word' id='word_1_39' title='bbox 572 409 621 434; x_wconf 85' lang='lat' dir='ltr'>an</span> <span class='ocrx_word' id='word_1_40' title='bbox 653 394 762 433; x_wconf 78' lang='lat' dir='ltr'>uenit</span> <span class='ocrx_word' id='word_1_41' title='bbox 793 394 1055 446; x_wconf 76' lang='lat' dir='ltr'>Pamphilus?</span> <span class='ocrx_word' id='word_1_42' title='bbox 1110 395 1239 433; x_wconf 79' lang='lat' dir='ltr'><em>PAR.</em></span> <span class='ocrx_word' id='word_1_43' title='bbox 1271 394 1390 432; x_wconf 77' lang='lat' dir='ltr'>uenit.</span> <span class='ocrx_word' id='word_1_44' title='bbox 1450 393 1530 432; x_wconf 83' lang='lat' dir='ltr'>SO.</span> 
     </span>
     <span class='ocr_line' id='line_1_6' title="bbox 423 459 826 510; baseline -0.002 -12"><span class='ocrx_word' id='word_1_45' title='bbox 423 460 482 499; x_wconf 90' lang='lat' dir='ltr'>dis</span> <span class='ocrx_word' id='word_1_46' title='bbox 502 460 664 510; x_wconf 79' lang='lat' dir='ltr'>gratiam</span> <span class='ocrx_word' id='word_1_47' title='bbox 686 459 826 499; x_wconf 79' lang='lat' dir='ltr'>habeo.</span> 
     </span>
     <span class='ocr_line' id='line_1_7' title="bbox 208 523 1534 571; baseline -0.001 -9"><span class='ocrx_word' id='word_1_48' title='bbox 208 525 310 571; x_wconf 84' lang='lat' dir='ltr'>hem,</span> <span class='ocrx_word' id='word_1_49' title='bbox 344 524 443 563; x_wconf 83' lang='lat' dir='ltr'>istoc</span> <span class='ocrx_word' id='word_1_50' title='bbox 472 525 594 563; x_wconf 79' lang='lat' dir='ltr'>uerbo</span> <span class='ocrx_word' id='word_1_51' title='bbox 623 524 778 563; x_wconf 86' lang='lat' dir='ltr'>animus</span> <span class='ocrx_word' id='word_1_52' title='bbox 807 523 903 563; x_wconf 79' lang='lat' dir='ltr'>mihi</span> <span class='ocrx_word' id='word_1_53' title='bbox 932 524 1032 563; x_wconf 85' lang='lat' dir='ltr'>redit</span> <span class='ocrx_word' id='word_1_54' title='bbox 1061 531 1100 563; x_wconf 81' lang='lat' dir='ltr'>et</span> <span class='ocrx_word' id='word_1_55' title='bbox 1129 526 1221 563; x_wconf 77' lang='lat' dir='ltr'>cura</span> <span class='ocrx_word' id='word_1_56' title='bbox 1251 537 1297 562; x_wconf 82' lang='lat' dir='ltr'>ex</span> <span class='ocrx_word' id='word_1_57' title='bbox 1326 524 1444 562; x_wconf 83' lang='lat' dir='ltr'>corde</span> <span class='ocrx_word' id='word_1_58' title='bbox 1474 536 1534 561; x_wconf 84' lang='lat' dir='ltr'>ex-</span> 
     </span>
     <span class='ocr_line' id='line_1_8' title="bbox 423 589 550 628; baseline -0.008 0"><span class='ocrx_word' id='word_1_59' title='bbox 423 589 550 628; x_wconf 62' lang='lat' dir='ltr'>cossit.</span> 
     </span>
     <span class='ocr_line' id='line_1_9' title="bbox 208 653 1470 701; baseline 0 -10"><span class='ocrx_word' id='word_1_60' title='bbox 208 655 337 692; x_wconf 80' lang='lat' dir='ltr'><em>PAR.</em></span> <span class='ocrx_word' id='word_1_61' title='bbox 370 653 447 692; x_wconf 87' lang='lat' dir='ltr'>iam</span> <span class='ocrx_word' id='word_1_62' title='bbox 467 654 513 692; x_wconf 72' lang='lat' dir='ltr'>ea</span> <span class='ocrx_word' id='word_1_63' title='bbox 533 662 570 693; x_wconf 83' lang='lat' dir='ltr'>te</span> <span class='ocrx_word' id='word_1_64' title='bbox 591 667 708 693; x_wconf 86' lang='lat' dir='ltr'>causa</span> <span class='ocrx_word' id='word_1_65' title='bbox 729 654 910 693; x_wconf 75' lang='lat' dir='ltr'>maxume</span> <span class='ocrx_word' id='word_1_66' title='bbox 930 667 1036 693; x_wconf 83' lang='lat' dir='ltr'>nunc</span> <span class='ocrx_word' id='word_1_67' title='bbox 1057 655 1133 693; x_wconf 79' lang='lat' dir='ltr'>hoc</span> <span class='ocrx_word' id='word_1_68' title='bbox 1154 653 1256 692; x_wconf 88' lang='lat' dir='ltr'>intro</span> <span class='ocrx_word' id='word_1_69' title='bbox 1278 653 1330 692; x_wconf 78' lang='lat' dir='ltr'>ire</span> <span class='ocrx_word' id='word_1_70' title='bbox 1351 653 1445 692; x_wconf 78' lang='lat' dir='ltr'>nolo</span> <span class='ocrx_word' id='word_1_71' title='bbox 1460 667 1470 701; x_wconf 79' lang='lat'><em>3</em></span> 
     </span>
     <span class='ocr_line' id='line_1_10' title="bbox 209 719 1264 770; baseline 0.002 -15"><span class='ocrx_word' id='word_1_72' title='bbox 209 731 300 756; x_wconf 86' lang='lat' dir='ltr'>nam</span> <span class='ocrx_word' id='word_1_73' title='bbox 322 719 353 757; x_wconf 81' lang='lat' dir='ltr'>si</span> <span class='ocrx_word' id='word_1_74' title='bbox 373 719 571 758; x_wconf 85' lang='lat' dir='ltr'>remittent</span> <span class='ocrx_word' id='word_1_75' title='bbox 591 719 795 770; x_wconf 80' lang='lat' dir='ltr'>quidpiam</span> <span class='ocrx_word' id='word_1_76' title='bbox 816 719 1074 759; x_wconf 77' lang='lat' dir='ltr'>Phihjmenae</span> <span class='ocrx_word' id='word_1_77' title='bbox 1094 719 1264 767; x_wconf 77' lang='lat' dir='ltr'>dolores,</span> 
     </span>
     <span class='ocr_line' id='line_1_11' title="bbox 151 782 1620 831; baseline 0.001 -12"><span class='ocrx_word' id='word_1_78' title='bbox 151 795 188 827; x_wconf 87' lang='lat'>15</span> <span class='ocrx_word' id='word_1_79' title='bbox 208 782 368 821; x_wconf 57' lang='lat' dir='ltr'>omnom</span> <span class='ocrx_word' id='word_1_80' title='bbox 390 796 471 822; x_wconf 85' lang='lat' dir='ltr'>rem</span> <span class='ocrx_word' id='word_1_81' title='bbox 492 784 673 831; x_wconf 82' lang='lat' dir='ltr'>narrabit,</span> <span class='ocrx_word' id='word_1_82' title='bbox 696 784 788 831; x_wconf 89' lang='lat' dir='ltr'>scio,</span> <span class='ocrx_word' id='word_1_83' title='bbox 811 785 1001 823; x_wconf 86' lang='lat' dir='ltr'>continuo</span> <span class='ocrx_word' id='word_1_84' title='bbox 1021 786 1104 823; x_wconf 89' lang='lat' dir='ltr'>sola</span> <span class='ocrx_word' id='word_1_85' title='bbox 1124 783 1206 831; x_wconf 77' lang='lat' dir='ltr'>soli,</span> <span class='ocrx_word' id='word_1_86' title='bbox 1553 794 1620 831; x_wconf 81' lang='lat'>350</span> 
     </span>
     <span class='ocr_line' id='line_1_12' title="bbox 208 847 1403 897; baseline 0.001 -12"><span class='ocrx_word' id='word_1_87' title='bbox 208 860 309 897; x_wconf 82' lang='lat' dir='ltr'>quae</span> <span class='ocrx_word' id='word_1_88' title='bbox 329 847 429 886; x_wconf 63' lang='lat' dir='ltr'>intor</span> <span class='ocrx_word' id='word_1_89' title='bbox 449 861 520 887; x_wconf 89' lang='lat' dir='ltr'>uos</span> <span class='ocrx_word' id='word_1_90' title='bbox 541 848 806 897; x_wconf 57' lang='lat' dir='ltr'>interuonerit,</span> <span class='ocrx_word' id='word_1_91' title='bbox 827 850 934 888; x_wconf 80' lang='lat' dir='ltr'>unde</span> <span class='ocrx_word' id='word_1_92' title='bbox 955 847 1121 888; x_wconf 81' lang='lat' dir='ltr'>ortumst</span> <span class='ocrx_word' id='word_1_93' title='bbox 1140 848 1294 887; x_wconf 90' lang='lat' dir='ltr'>initium</span> <span class='ocrx_word' id='word_1_94' title='bbox 1317 850 1403 887; x_wconf 77' lang='lat' dir='ltr'>irae.</span> 
     </span>
     <span class='ocr_line' id='line_1_13' title="bbox 207 911 1533 964; baseline -0.002 -13"><span class='ocrx_word' id='word_1_95' title='bbox 207 920 325 963; x_wconf 80' lang='lat' dir='ltr'>atque</span> <span class='ocrx_word' id='word_1_96' title='bbox 346 912 483 952; x_wconf 84' lang='lat' dir='ltr'>e&#39;ccum</span> <span class='ocrx_word' id='word_1_97' title='bbox 504 913 622 952; x_wconf 78' lang='lat' dir='ltr'>uideo</span> <span class='ocrx_word' id='word_1_98' title='bbox 643 913 772 964; x_wconf 86' lang='lat' dir='ltr'>ipsum</span> <span class='ocrx_word' id='word_1_99' title='bbox 789 913 943 964; x_wconf 54' lang='lat' dir='ltr'>agredi:</span> <span class='ocrx_word' id='word_1_100' title='bbox 974 927 1092 964; x_wconf 87' lang='lat' dir='ltr'>quam</span> <span class='ocrx_word' id='word_1_101' title='bbox 1109 913 1265 951; x_wconf 74' lang='lat' dir='ltr'>tristist!</span> <span class='ocrx_word' id='word_1_102' title='bbox 1323 914 1404 952; x_wconf 82' lang='lat' dir='ltr'>SO.</span> <span class='ocrx_word' id='word_1_103' title='bbox 1435 926 1460 951; x_wconf 95' lang='lat' dir='ltr'>o</span> <span class='ocrx_word' id='word_1_104' title='bbox 1480 911 1533 950; x_wconf 90' lang='lat' dir='ltr'>mi</span> 
     </span>
    </p>
   </div>
   <div class='ocr_carea' id='block_1_3' title="bbox 208 977 1535 1276">
    <p class='ocr_par' dir='ltr' id='par_1_3' title="bbox 422 977 560 1028">
     <span class='ocr_line' id='line_1_14' title="bbox 422 977 560 1028; baseline 0 -13"><span class='ocrx_word' id='word_1_105' title='bbox 422 977 560 1028; x_wconf 75' lang='lat' dir='ltr'>gnate!</span> 
     </span>
    </p>

    <p class='ocr_par' dir='ltr' id='par_1_4' title="bbox 208 1043 1531 1146">
     <span class='ocr_line' id='line_1_15' title="bbox 208 1043 1531 1093; baseline 0 -13"><span class='ocrx_word' id='word_1_106' title='bbox 208 1043 346 1080; x_wconf 63' lang='lat' dir='ltr'><em>PAM.</em></span> <span class='ocrx_word' id='word_1_107' title='bbox 389 1056 477 1081; x_wconf 80' lang='lat' dir='ltr'>mea</span> <span class='ocrx_word' id='word_1_108' title='bbox 510 1043 641 1090; x_wconf 72' lang='lat' dir='ltr'>mater,</span> <span class='ocrx_word' id='word_1_109' title='bbox 679 1044 797 1082; x_wconf 77' lang='lat' dir='ltr'>salue.</span> <span class='ocrx_word' id='word_1_110' title='bbox 867 1044 948 1083; x_wconf 81' lang='lat' dir='ltr'>SO.</span> <span class='ocrx_word' id='word_1_111' title='bbox 987 1044 1142 1093; x_wconf 77' lang='lat' dir='ltr'>gaudeo</span> <span class='ocrx_word' id='word_1_112' title='bbox 1181 1043 1335 1081; x_wconf 75' lang='lat' dir='ltr'>uenisse</span> <span class='ocrx_word' id='word_1_113' title='bbox 1369 1043 1531 1081; x_wconf 89' lang='lat' dir='ltr'>saluom.</span> 
     </span>
     <span class='ocr_line' id='line_1_16' title="bbox 422 1107 557 1146; baseline 0.007 -1"><span class='ocrx_word' id='word_1_114' title='bbox 422 1107 557 1146; x_wconf 79' lang='lat' dir='ltr'>saluan</span> 
     </span>
    </p>

    <p class='ocr_par' dir='ltr' id='par_1_5' title="bbox 210 1171 1535 1276">
     <span class='ocr_line' id='line_1_17' title="bbox 210 1171 1535 1212; baseline 0.002 -4"><span class='ocrx_word' id='word_1_115' title='bbox 210 1171 511 1211; x_wconf 74' lang='lat' dir='ltr'>Philrimenast?</span> <span class='ocrx_word' id='word_1_116' title='bbox 565 1174 706 1211; x_wconf 76' lang='lat' dir='ltr'><em>PAM.</em></span> <span class='ocrx_word' id='word_1_117' title='bbox 740 1172 1021 1212; x_wconf 64' lang='lat' dir='ltr'>Melitiseulast.</span> <span class='ocrx_word' id='word_1_118' title='bbox 1081 1173 1160 1212; x_wconf 82' lang='lat' dir='ltr'>SO.</span> <span class='ocrx_word' id='word_1_119' title='bbox 1193 1171 1342 1210; x_wconf 83' lang='lat' dir='ltr'>utinam</span> <span class='ocrx_word' id='word_1_120' title='bbox 1365 1173 1462 1211; x_wconf 82' lang='lat' dir='ltr'>istuc</span> <span class='ocrx_word' id='word_1_121' title='bbox 1483 1171 1535 1210; x_wconf 81' lang='lat' dir='ltr'>ita</span> 
     </span>
     <span class='ocr_line' id='line_1_18' title="bbox 425 1236 628 1276; baseline -0.005 0"><span class='ocrx_word' id='word_1_122' title='bbox 425 1236 464 1276; x_wconf 89' lang='lat' dir='ltr'>di</span> <span class='ocrx_word' id='word_1_123' title='bbox 484 1236 604 1275; x_wconf 81' lang='lat' dir='ltr'>faxint</span> <span class='ocrx_word' id='word_1_124' title='bbox 623 1240 628 1274; x_wconf 76' lang='grc' dir='ltr'>ἒ</span> 
     </span>
    </p>
   </div>
   <div class='ocr_carea' id='block_1_4' title="bbox 151 1301 1627 1924">
    <p class='ocr_par' dir='ltr' id='par_1_6' title="bbox 151 1301 1627 1924">
     <span class='ocr_line' id='line_1_19' title="bbox 151 1301 1620 1354; baseline 0.003 -15"><span class='ocrx_word' id='word_1_125' title='bbox 151 1318 191 1339; x_wconf 88' lang='lat'>20</span> <span class='ocrx_word' id='word_1_126' title='bbox 209 1301 305 1350; x_wconf 86' lang='lat' dir='ltr'>quid</span> <span class='ocrx_word' id='word_1_127' title='bbox 327 1309 367 1339; x_wconf 89' lang='lat' dir='ltr'>tu</span> <span class='ocrx_word' id='word_1_128' title='bbox 393 1301 506 1352; x_wconf 81' lang='lat' dir='ltr'>igitur</span> <span class='ocrx_word' id='word_1_129' title='bbox 532 1303 756 1341; x_wconf 86' lang='lat' dir='ltr'>lacrumas?</span> <span class='ocrx_word' id='word_1_130' title='bbox 789 1305 855 1341; x_wconf 80' lang='lat' dir='ltr'>aut</span> <span class='ocrx_word' id='word_1_131' title='bbox 883 1302 979 1354; x_wconf 86' lang='lat' dir='ltr'>quid</span> <span class='ocrx_word' id='word_1_132' title='bbox 1008 1316 1049 1341; x_wconf 79' lang='lat' dir='ltr'>es</span> <span class='ocrx_word' id='word_1_133' title='bbox 1079 1310 1158 1342; x_wconf 90' lang='lat' dir='ltr'>tam</span> <span class='ocrx_word' id='word_1_134' title='bbox 1189 1302 1337 1341; x_wconf 82' lang='lat' dir='ltr'>tristis?</span> <span class='ocrx_word' id='word_1_135' title='bbox 1392 1303 1533 1341; x_wconf 77' lang='lat' dir='ltr'><em>PAM.</em></span> <span class='ocrx_word' id='word_1_136' title='bbox 1556 1307 1620 1344; x_wconf 81' lang='lat'>355</span> 
     </span>
     <span class='ocr_line' id='line_1_20' title="bbox 424 1366 878 1413; baseline 0.002 -9"><span class='ocrx_word' id='word_1_137' title='bbox 424 1373 537 1413; x_wconf 81' lang='lat' dir='ltr'>recte,</span> <span class='ocrx_word' id='word_1_138' title='bbox 564 1366 696 1405; x_wconf 74' lang='lat' dir='ltr'>mater.</span> <span class='ocrx_word' id='word_1_139' title='bbox 875 1366 878 1367; x_wconf 45' lang='lat'><em>⁷</em></span> 
     </span>
     <span class='ocr_line' id='line_1_21' title="bbox 209 1430 1537 1483; baseline 0 -13"><span class='ocrx_word' id='word_1_140' title='bbox 209 1431 288 1470; x_wconf 83' lang='lat' dir='ltr'>SO.</span> <span class='ocrx_word' id='word_1_141' title='bbox 321 1430 417 1480; x_wconf 86' lang='lat' dir='ltr'>quid</span> <span class='ocrx_word' id='word_1_142' title='bbox 437 1432 509 1469; x_wconf 79' lang='lat' dir='ltr'>fuit</span> <span class='ocrx_word' id='word_1_143' title='bbox 529 1430 715 1469; x_wconf 87' lang='lat' dir='ltr'>tumulti?</span> <span class='ocrx_word' id='word_1_144' title='bbox 744 1432 807 1470; x_wconf 81' lang='lat' dir='ltr'>dic</span> <span class='ocrx_word' id='word_1_145' title='bbox 829 1431 948 1470; x_wconf 86' lang='lat' dir='ltr'>mihi:</span> <span class='ocrx_word' id='word_1_146' title='bbox 978 1445 1028 1470; x_wconf 88' lang='lat' dir='ltr'>an</span> <span class='ocrx_word' id='word_1_147' title='bbox 1051 1433 1163 1471; x_wconf 82' lang='lat' dir='ltr'>dolor</span> <span class='ocrx_word' id='word_1_148' title='bbox 1184 1440 1344 1483; x_wconf 79' lang='lat' dir='ltr'>repente</span> <span class='ocrx_word' id='word_1_149' title='bbox 1365 1432 1537 1470; x_wconf 78' lang='lat' dir='ltr'>inuasit?</span> 
     </span>
     <span class='ocr_line' id='line_1_22' title="bbox 207 1495 1535 1546; baseline 0.001 -13"><span class='ocrx_word' id='word_1_150' title='bbox 207 1496 347 1533; x_wconf 79' lang='lat' dir='ltr'><em>PAM.</em></span> <span class='ocrx_word' id='word_1_151' title='bbox 380 1495 433 1533; x_wconf 89' lang='lat' dir='ltr'>ita</span> <span class='ocrx_word' id='word_1_152' title='bbox 453 1495 646 1534; x_wconf 75' lang='lat' dir='ltr'>factumst.</span> <span class='ocrx_word' id='word_1_153' title='bbox 705 1497 785 1535; x_wconf 82' lang='lat' dir='ltr'>SO.</span> <span class='ocrx_word' id='word_1_154' title='bbox 818 1496 914 1546; x_wconf 88' lang='lat' dir='ltr'>quid</span> <span class='ocrx_word' id='word_1_155' title='bbox 938 1496 1065 1535; x_wconf 89' lang='lat' dir='ltr'>morbi</span> <span class='ocrx_word' id='word_1_156' title='bbox 1087 1496 1176 1535; x_wconf 59' lang='lat' dir='ltr'>ost?</span> <span class='ocrx_word' id='word_1_157' title='bbox 1233 1498 1373 1536; x_wconf 81' lang='lat' dir='ltr'><em>PAM.</em></span> <span class='ocrx_word' id='word_1_158' title='bbox 1407 1497 1535 1536; x_wconf 82' lang='lat' dir='ltr'>febris.</span> 
     </span>
     <span class='ocr_line' id='line_1_23' title="bbox 422 1560 1205 1600; baseline 0 -1"><span class='ocrx_word' id='word_1_159' title='bbox 422 1561 503 1599; x_wconf 85' lang='lat' dir='ltr'>SO.</span> <span class='ocrx_word' id='word_1_160' title='bbox 535 1560 782 1599; x_wconf 75' lang='lat' dir='ltr'>cottidiana?</span> <span class='ocrx_word' id='word_1_161' title='bbox 837 1562 980 1600; x_wconf 82' lang='lat' dir='ltr'><em>PAM.</em></span> <span class='ocrx_word' id='word_1_162' title='bbox 1013 1561 1066 1600; x_wconf 89' lang='lat' dir='ltr'>ita</span> <span class='ocrx_word' id='word_1_163' title='bbox 1085 1560 1205 1600; x_wconf 79' lang='lat' dir='ltr'>aiunt.</span> 
     </span>
     <span class='ocr_line' id='line_1_24' title="bbox 207 1624 1421 1676; baseline 0.002 -14"><span class='ocrx_word' id='word_1_164' title='bbox 207 1624 218 1662; x_wconf 90' lang='lat' dir='ltr'>i</span> <span class='ocrx_word' id='word_1_165' title='bbox 239 1625 356 1664; x_wconf 76' lang='lat' dir='ltr'>sodes</span> <span class='ocrx_word' id='word_1_166' title='bbox 377 1624 492 1673; x_wconf 85' lang='lat' dir='ltr'>intro,</span> <span class='ocrx_word' id='word_1_167' title='bbox 514 1625 733 1676; x_wconf 77' lang='lat' dir='ltr'>consequar</span> <span class='ocrx_word' id='word_1_168' title='bbox 753 1625 831 1664; x_wconf 89' lang='lat' dir='ltr'>iam</span> <span class='ocrx_word' id='word_1_169' title='bbox 852 1625 900 1674; x_wconf 73' lang='grc' dir='ltr'>ῖέ,</span> <span class='ocrx_word' id='word_1_170' title='bbox 926 1640 1013 1666; x_wconf 83' lang='lat' dir='ltr'>mea</span> <span class='ocrx_word' id='word_1_171' title='bbox 1036 1634 1169 1666; x_wconf 85' lang='lat' dir='ltr'>mater.</span> <span class='ocrx_word' id='word_1_172' title='bbox 1230 1628 1311 1666; x_wconf 85' lang='lat' dir='ltr'>SO.</span> <span class='ocrx_word' id='word_1_173' title='bbox 1343 1628 1421 1665; x_wconf 82' lang='lat' dir='ltr'>fiat.</span> 
     </span>
     <span class='ocr_line' id='line_1_25' title="bbox 207 1689 1538 1742; baseline 0.002 -15"><span class='ocrx_word' id='word_1_174' title='bbox 207 1689 347 1728; x_wconf 83' lang='lat' dir='ltr'><em>PAM.</em></span> <span class='ocrx_word' id='word_1_175' title='bbox 380 1696 421 1727; x_wconf 91' lang='lat' dir='ltr'>tu</span> <span class='ocrx_word' id='word_1_176' title='bbox 450 1690 591 1740; x_wconf 76' lang='lat' dir='ltr'>pueris,</span> <span class='ocrx_word' id='word_1_177' title='bbox 619 1692 825 1738; x_wconf 78' lang='lat' dir='ltr'>Parmeno,</span> <span class='ocrx_word' id='word_1_178' title='bbox 855 1690 1015 1730; x_wconf 77' lang='lat' dir='ltr'>obuiam</span> <span class='ocrx_word' id='word_1_179' title='bbox 1046 1705 1155 1730; x_wconf 85' lang='lat' dir='ltr'>curre</span> <span class='ocrx_word' id='word_1_180' title='bbox 1185 1691 1304 1742; x_wconf 69' lang='lat' dir='ltr'>atque</span> <span class='ocrx_word' id='word_1_181' title='bbox 1332 1691 1388 1730; x_wconf 85' lang='lat' dir='ltr'>eis</span> <span class='ocrx_word' id='word_1_182' title='bbox 1419 1705 1538 1730; x_wconf 79' lang='lat' dir='ltr'>onera</span> 
     </span>
     <span class='ocr_line' id='line_1_26' title="bbox 421 1754 567 1794; baseline 0 -1"><span class='ocrx_word' id='word_1_183' title='bbox 421 1754 567 1794; x_wconf 73' lang='lat' dir='ltr'>adiuta.</span> 
     </span>
     <span class='ocr_line' id='line_1_27' title="bbox 151 1818 1627 1872; baseline 0.001 -17"><span class='ocrx_word' id='word_1_184' title='bbox 151 1835 187 1867; x_wconf 79' lang='lat'>25</span> <span class='ocrx_word' id='word_1_185' title='bbox 209 1820 337 1857; x_wconf 78' lang='lat' dir='ltr'><em>PAR.</em></span> <span class='ocrx_word' id='word_1_186' title='bbox 370 1818 495 1869; x_wconf 87' lang='lat' dir='ltr'>quid?</span> <span class='ocrx_word' id='word_1_187' title='bbox 529 1820 610 1859; x_wconf 78' lang='lat' dir='ltr'>non</span> <span class='ocrx_word' id='word_1_188' title='bbox 644 1819 773 1859; x_wconf 88' lang='lat' dir='ltr'>sciunt</span> <span class='ocrx_word' id='word_1_189' title='bbox 802 1820 876 1872; x_wconf 78' lang='lat' dir='ltr'>ipsi</span> <span class='ocrx_word' id='word_1_190' title='bbox 905 1820 1010 1860; x_wconf 91' lang='lat' dir='ltr'>uiam</span> <span class='ocrx_word' id='word_1_191' title='bbox 1043 1822 1208 1860; x_wconf 76' lang='lat' dir='ltr'>domum</span> <span class='ocrx_word' id='word_1_192' title='bbox 1238 1834 1316 1871; x_wconf 87' lang='lat' dir='ltr'>qua</span> <span class='ocrx_word' id='word_1_193' title='bbox 1345 1821 1627 1866; x_wconf 78' lang='lat' dir='ltr'>ueniant?360</span> 
     </span>
     <span class='ocr_line' id='line_1_28' title="bbox 422 1884 754 1924; baseline 0.006 -2"><span class='ocrx_word' id='word_1_194' title='bbox 422 1885 564 1923; x_wconf 81' lang='lat' dir='ltr'><em>PAM.</em></span> <span class='ocrx_word' id='word_1_195' title='bbox 596 1884 754 1924; x_wconf 82' lang='lat' dir='ltr'>ce&#39;ssas?</span> 
     </span>
    </p>
   </div>
   <div class='ocr_carea' id='block_1_5' title="bbox 143 1982 1038 2028">
    <p class='ocr_par' dir='ltr' id='par_1_7' title="bbox 143 1982 1038 2028">
     <span class='ocr_line' id='line_1_29' title="bbox 143 1982 1038 2028; baseline 0.011 -9"><span class='ocrx_word' id='word_1_196' title='bbox 143 1982 189 2019; x_wconf 91' lang='lat' dir='ltr'>iii</span> <span class='ocrx_word' id='word_1_197' title='bbox 708 1990 1038 2028; x_wconf 76' lang='lat' dir='ltr'>PAM1³H1Lvs</span> 
     </span>
    </p>
   </div>
   <div class='ocr_carea' id='block_1_6' title="bbox 208 2068 1460 2185">
    <p class='ocr_par' dir='ltr' id='par_1_8' title="bbox 208 2068 1460 2185">
     <span class='ocr_line' id='line_1_30' title="bbox 209 2068 1460 2119; baseline 0.002 -12"><span class='ocrx_word' id='word_1_198' title='bbox 209 2068 377 2119; x_wconf 81' lang='lat' dir='ltr'>Ne&#39;queo</span> <span class='ocrx_word' id='word_1_199' title='bbox 398 2082 573 2107; x_wconf 76' lang='lat' dir='ltr'>mearum</span> <span class='ocrx_word' id='word_1_200' title='bbox 594 2069 722 2107; x_wconf 57' lang='lat' dir='ltr'>rorum</span> <span class='ocrx_word' id='word_1_201' title='bbox 744 2069 898 2108; x_wconf 89' lang='lat' dir='ltr'>initium</span> <span class='ocrx_word' id='word_1_202' title='bbox 919 2071 1043 2109; x_wconf 90' lang='lat' dir='ltr'>ullum</span> <span class='ocrx_word' id='word_1_203' title='bbox 1065 2070 1240 2109; x_wconf 77' lang='lat' dir='ltr'>inuenire</span> <span class='ocrx_word' id='word_1_204' title='bbox 1260 2069 1460 2117; x_wconf 78' lang='lat' dir='ltr'>idoneum,</span> 
     </span>
     <span class='ocr_line' id='line_1_31' title="bbox 208 2133 1308 2185; baseline 0.003 -14"><span class='ocrx_word' id='word_1_205' title='bbox 208 2135 315 2173; x_wconf 72' lang='lat' dir='ltr'>unde</span> <span class='ocrx_word' id='word_1_206' title='bbox 335 2134 512 2173; x_wconf 78' lang='lat' dir='ltr'>exordiar</span> <span class='ocrx_word' id='word_1_207' title='bbox 531 2147 684 2173; x_wconf 81' lang='lat' dir='ltr'>narrare</span> <span class='ocrx_word' id='word_1_208' title='bbox 705 2134 804 2184; x_wconf 63' lang='lat' dir='ltr'>quat}</span> <span class='ocrx_word' id='word_1_209' title='bbox 825 2133 1079 2185; x_wconf 82' lang='lat' dir='ltr'>necopinanti</span> <span class='ocrx_word' id='word_1_210' title='bbox 1098 2135 1283 2175; x_wconf 80' lang='lat' dir='ltr'>accidunt</span> <span class='ocrx_word' id='word_1_211' title='bbox 1297 2150 1308 2184; x_wconf 80' lang='lat'><em>3</em></span> 
     </span>
    </p>
   </div>
   <div class='ocr_carea' id='block_1_7' title="bbox 209 2238 1534 2324">
    <p class='ocr_par' dir='ltr' id='par_1_9' title="bbox 209 2238 1534 2324">
     <span class='ocr_line' id='line_1_32' title="bbox 251 2238 1534 2279; baseline 0.002 -10"><span class='ocrx_word' id='word_1_212' title='bbox 251 2248 314 2278; x_wconf 86' lang='lat'>343</span> <span class='ocrx_word' id='word_1_213' title='bbox 338 2239 447 2278; x_wconf 88' lang='lat' dir='ltr'>ipsust</span> <span class='ocrx_word' id='word_1_214' title='bbox 472 2248 548 2269; x_wconf 86' lang='lat' dir='ltr'>eum</span> <span class='ocrx_word' id='word_1_215' title='bbox 572 2238 704 2279; x_wconf 81' lang='lat' dir='ltr'>scripsi:</span> <span class='ocrx_word' id='word_1_216' title='bbox 728 2238 823 2278; x_wconf 86' lang='lat' dir='ltr'>ipsus</span> <span class='ocrx_word' id='word_1_217' title='bbox 843 2244 895 2270; x_wconf 83' lang='lat' dir='ltr'>est</span> <span class='ocrx_word' id='word_1_218' title='bbox 916 2249 991 2270; x_wconf 87' lang='lat' dir='ltr'>eum</span> <span class='ocrx_word' id='word_1_219' title='bbox 1013 2239 1064 2271; x_wconf 90' lang='lat' dir='ltr'>bis</span> <span class='ocrx_word' id='word_1_220' title='bbox 1088 2239 1200 2271; x_wconf 83' lang='lat' dir='ltr'>facere</span> <span class='ocrx_word' id='word_1_221' title='bbox 1224 2239 1327 2271; x_wconf 88' lang='lat' dir='ltr'>stulte</span> <span class='ocrx_word' id='word_1_222' title='bbox 1347 2240 1460 2272; x_wconf 90' lang='lat' dir='ltr'>iudico</span> <span class='ocrx_word' id='word_1_223' title='bbox 1479 2240 1534 2272; x_wconf 87' lang='lat' dir='ltr'>A:</span> 
     </span>
     <span class='ocr_line' id='line_1_33' title="bbox 209 2281 1533 2324; baseline 0.002 -11"><span class='ocrx_word' id='word_1_224' title='bbox 209 2282 304 2322; x_wconf 89' lang='lat' dir='ltr'>ipsus</span> <span class='ocrx_word' id='word_1_225' title='bbox 329 2287 380 2313; x_wconf 86' lang='lat' dir='ltr'>est</span> <span class='ocrx_word' id='word_1_226' title='bbox 404 2282 456 2312; x_wconf 87' lang='lat' dir='ltr'>bis</span> <span class='ocrx_word' id='word_1_227' title='bbox 482 2282 593 2312; x_wconf 85' lang='lat' dir='ltr'>facere</span> <span class='ocrx_word' id='word_1_228' title='bbox 621 2281 724 2313; x_wconf 85' lang='lat' dir='ltr'>stulte</span> <span class='ocrx_word' id='word_1_229' title='bbox 753 2283 839 2314; x_wconf 87' lang='lat' dir='ltr'>duco</span> <span class='ocrx_word' id='word_1_230' title='bbox 869 2283 949 2323; x_wconf 78' lang='lat' dir='ltr'>&lt;sine</span> <span class='ocrx_word' id='word_1_231' title='bbox 976 2283 1068 2323; x_wconf 81' lang='lat' dir='ltr'>eum)</span> <span class='ocrx_word' id='word_1_232' title='bbox 1097 2287 1121 2314; x_wconf 90' lang='grc' dir='ltr'>Σ</span> <span class='ocrx_word' id='word_1_233' title='bbox 1299 2294 1363 2324; x_wconf 84' lang='grc'>347</span> <span class='ocrx_word' id='word_1_234' title='bbox 1389 2284 1473 2315; x_wconf 89' lang='lat' dir='ltr'>istuc</span> <span class='ocrx_word' id='word_1_235' title='bbox 1501 2283 1533 2314; x_wconf 88' lang='lat' dir='ltr'><em>A</em></span> 
     </span>
    </p>
   </div>
   <div class='ocr_carea' id='block_1_8' title="bbox 209 2325 1535 2409">
    <p class='ocr_par' dir='ltr' id='par_1_10' title="bbox 209 2325 1535 2409">
     <span class='ocr_line' id='line_1_34' title="bbox 209 2325 1535 2368; baseline 0.002 -12"><span class='ocrx_word' id='word_1_236' title='bbox 209 2327 297 2357; x_wconf 82' lang='lat' dir='ltr'>redit</span> <span class='ocrx_word' id='word_1_237' title='bbox 314 2326 346 2356; x_wconf 83' lang='lat' dir='ltr'><em>A</em></span> <span class='ocrx_word' id='word_1_238' title='bbox 362 2337 368 2355; x_wconf 93' lang='lat'>:</span> <span class='ocrx_word' id='word_1_239' title='bbox 394 2325 493 2356; x_wconf 86' lang='lat' dir='ltr'>rediit</span> <span class='ocrx_word' id='word_1_240' title='bbox 510 2328 534 2356; x_wconf 88' lang='grc' dir='ltr'>Σ</span> <span class='ocrx_word' id='word_1_241' title='bbox 637 2325 702 2366; x_wconf 82' lang='grc'>348</span> <span class='ocrx_word' id='word_1_242' title='bbox 726 2326 900 2358; x_wconf 70' lang='lat' dir='ltr'>hoczhuc</span> <span class='ocrx_word' id='word_1_243' title='bbox 918 2327 949 2356; x_wconf 84' lang='grc' dir='ltr'><em>Α</em></span> <span class='ocrx_word' id='word_1_244' title='bbox 970 2328 1024 2364; x_wconf 83' lang='lat' dir='ltr'>(ut</span> <span class='ocrx_word' id='word_1_245' title='bbox 1037 2326 1140 2367; x_wconf 76' lang='lat' dir='ltr'>saepe)</span> <span class='ocrx_word' id='word_1_246' title='bbox 1252 2337 1316 2368; x_wconf 82' lang='lat'>359</span> <span class='ocrx_word' id='word_1_247' title='bbox 1339 2328 1514 2360; x_wconf 82' lang='lat' dir='ltr'>Fleckeisen</span> <span class='ocrx_word' id='word_1_248' title='bbox 1529 2339 1535 2359; x_wconf 68' lang='grc' dir='ltr'><em>τ</em></span> 
     </span>
     <span class='ocr_line' id='line_1_35' title="bbox 209 2369 879 2409; baseline 0 -9"><span class='ocrx_word' id='word_1_249' title='bbox 209 2370 322 2409; x_wconf 78' lang='lat' dir='ltr'>pueris</span> <span class='ocrx_word' id='word_1_250' title='bbox 340 2379 438 2400; x_wconf 86' lang='lat' dir='ltr'>curre</span> <span class='ocrx_word' id='word_1_251' title='bbox 456 2369 623 2401; x_wconf 83' lang='lat' dir='ltr'>Parmeno</span> <span class='ocrx_word' id='word_1_252' title='bbox 641 2369 773 2401; x_wconf 81' lang='lat' dir='ltr'>obuiam</span> <span class='ocrx_word' id='word_1_253' title='bbox 791 2370 879 2401; x_wconf 84' lang='lat' dir='ltr'><em>codd.</em></span> 
     </span>
    </p>
   </div>
  </div>
 </body>
</html>
