1773 2750
118 130 193 168 III.

150 707 194 740 40

149 1154 189 1186 45

143 1755 187 1792 iii

216 129 245 165 ii
637 129 676 167 P.
709 128 960 166 TERENTI
992 127 1124 165 AFRI

223 241 351 278 THR.
383 239 543 289 adpziret
564 252 719 278 seruom
740 240 846 277 hunc
867 238 952 277 esse
972 237 1123 277 domini
1143 238 1324 288 pauperis

216 304 433 354 miserique.
497 305 590 344 GN.
622 317 712 343 nam
733 305 862 342 hercle
884 303 1001 341 ne'rno
1021 310 1165 353 posset,
1188 303 1245 342 siit
1266 303 1358 350 scio,

175 386 191 416 5
214 368 280 418 qui
300 369 461 408 haberet
482 369 548 419 qui
569 369 718 419 parairet
737 368 868 415 alium,
891 369 998 406 hune
1018 367 1177 418 perpeti.

214 435 300 472 ΡΑ.
332 441 417 473 tace
437 435 490 481 tii,
513 446 631 484 quem
652 446 724 483 ego
744 446 829 472 esse
849 432 947 471 infra
968 434 1138 471 infumos
1159 434 1286 471 omnis
1306 440 1403 483 puto

214 498 393 537 homines
411 513 421 547 3
450 512 541 537 nam
562 498 629 548 qui
649 497 844 537 adsenteiri
864 497 957 536 huic
976 497 1153 536 animum
1174 497 1383 545 induxeris,
1555 495 1626 532 490

213 575 234 601 e
254 563 412 601 flzimma
431 570 563 613 petere
583 562 620 601 te'
642 562 773 600 cibum
795 575 910 612 posse
931 561 1104 600 arbitror.

219 628 348 665 THR.
371 627 500 665 iamne
515 628 614 665 imus
630 628 646 664 ?
690 628 777 665 ΤΗ
801 628 870 665 hos
885 626 989 676 prius
1006 627 1106 665 intro
1120 627 1263 666 ducam
1278 633 1315 665 et
1331 623 1431 676 quae
1445 626 1538 664 uolo

213 691 328 730 simul
349 692 549 742 imperabo
569 707 576 730 z
606 692 693 741 post
713 692 791 730 huc
812 691 1000 730 continuo
1021 690 1127 730 e'xeo.

219 757 347 794 THR.
380 769 452 806 ego
473 757 564 795 hinc
585 757 685 795 zibeo
702 771 708 794 :
747 764 789 794 tu
809 756 933 795 istanc
954 756 1141 806 opperire.
1201 758 1288 796 PA.
1319 757 1426 796 haud
1447 756 1537 795 con-

426 821 534 859 uenit

211 898 289 923 una
310 887 362 924 ire
384 898 474 924 cum
494 885 620 924 amica
639 886 912 935 imperatorem
935 887 973 924 in
995 885 1068 924 uia.
1555 889 1620 927 495

216 951 346 987 THR.
379 949 475 999 quid
495 949 565 987 tibi
586 962 658 999 ego
680 950 802 987 multa
821 950 980 988 dicam?
1010 949 1161 988 domini
1182 949 1317 989 similis
1337 963 1388 989 es.

216 1014 309 1052 GN.
341 1013 530 1052 hahahae.
596 1015 724 1052 THR.
757 1013 852 1062 quid
873 1013 1005 1053 rides?
1066 1016 1159 1054 GN.
1194 1016 1293 1054 istuc
1313 1015 1421 1065 quod
1442 1014 1538 1054 dixti

425 1079 546 1117 modo
564 1093 574 1126 3

211 1148 248 1180 et
268 1141 365 1181 illud
386 1143 436 1181 de
458 1142 619 1182 Rhodio
640 1144 788 1182 dictum
810 1156 931 1193 quom
952 1143 992 1181 in
1014 1143 1187 1182 mentem
1207 1144 1326 1183 uenit.

211 1207 280 1245 sed
301 1207 423 1245 Thai'is
444 1207 530 1245 exit.
597 1209 725 1245 THR.
758 1207 822 1246 zibi
843 1221 945 1257 prae,
968 1222 1059 1247 cura
1079 1217 1121 1247 ut
1142 1210 1218 1247 sint
1238 1209 1346 1248 domi

210 1271 351 1321 parsita.
416 1273 510 1311 GN.
542 1273 618 1310 fiet.
638 1295 685 1299 »-
711 1274 798 1310 TH
831 1272 1046 1323 diligenter,
1070 1273 1238 1324 Pythias,
1557 1280 1623 1316 500

210 1337 270 1374 sac
291 1338 412 1383 cures,
435 1336 466 1374 si
488 1337 585 1375 forte
606 1337 682 1375 hoc
705 1338 895 1376 Chremes
917 1337 1131 1385 adue'nerit,
1160 1374 1163 1375 γ

209 1407 250 1438 ut
272 1401 357 1439 6res
377 1400 546 1450 primum
567 1408 609 1439 ut
630 1400 763 1440 re'deat
783 1416 791 1448 3
821 1401 851 1439 si
874 1401 914 1440 id
935 1415 1015 1440 non
1037 1403 1340 1450 cdmmodumst,

152 1476 163 1485 ·
208 1471 250 1502 ut
271 1464 426 1502 mzineat
441 1479 451 1512 ,·
480 1465 511 1503 si
532 1464 573 1503 id
594 1478 674 1503 non
695 1465 848 1515 poterit,
873 1467 924 1504 ad
946 1480 1009 1505 me
1028 1467 1227 1505 adducito.

207 1530 295 1567 ΡΥ.
327 1529 379 1568 ita
400 1529 551 1568 sciciani.
617 1532 705 1568 ΤΗ
738 1530 866 1580 quid?
896 1531 992 1581 quid
1012 1531 1119 1570 :iliud
1139 1532 1247 1570 uolui
1267 1533 1428 1571 dicere?

207 1595 333 1642 ehem,
357 1597 488 1633 curate
510 1595 623 1633 istam
645 1595 852 1645 diligenter
873 1596 1062 1646 uirginem
1080 1612 1086 1635 :
1555 1602 1619 1639 505

206 1658 314 1698 domi
330 1659 464 1698 adsitis
480 1659 605 1697 facite.
670 1662 801 1698 THR.
825 1661 970 1699 ezimus.
1026 1662 1114 1699 TH.
1146 1674 1217 1700 uos
1235 1674 1296 1699 me
1312 1660 1530 1711 sequimini.

550 1757 826 1795 CHREMES
938 1759 1184 1796 PYTniAs

206 1839 297 1877 CH.
330 1838 510 1878 Profecto
531 1846 680 1889 quanto
703 1839 824 1890 maigis
846 1839 1046 1890 magisque
1067 1839 1206 1890 cogito,

202 1902 242 1940 ni
263 1904 403 1941 mirum
425 1903 534 1942 dabit
555 1905 653 1943 haec
675 1904 797 1943 Thei's
819 1904 915 1942 mihi
935 1906 1121 1954 magnum
1141 1905 1288 1944 malurn
1308 1921 1314 1943 :

202 1967 254 2005 ita
275 1966 337 2006 me
358 1967 476 2006 uideo
496 1969 547 2006 ab
567 1981 614 2007 ea
634 1971 761 2007 astute
783 1969 1059 2016 labefactarier,

202 2031 279 2069 iam
300 2033 383 2070 ttim
405 2045 526 2082 quom
550 2032 719 2083 primum
742 2033 852 2072 iussit
873 2047 937 2072 me
956 2035 1006 2072 ad
1027 2047 1069 2072 se
1088 2034 1285 2073 accersier.
1551 2045 1618 2081 510

201 2104 309 2147 roget
329 2098 416 2147 quis
439 2101 447 2117 ‘
461 2097 557 2148 quid
579 2098 631 2137 rei
653 2098 724 2137 tibi
746 2112 836 2138 cum
858 2100 974 2137 ssla?'
1004 2112 1053 2137 ne
1071 2099 1208 2138 noraim
1230 2099 1401 2149 quidem.

243 2210 309 2239 490
333 2201 403 2232 ads.
423 2200 499 2232 huic
517 2201 664 2231 animum
679 2211 754 2231 cum
772 2200 869 2232 DGC
888 2199 1070 2233 th'atsko‘:
1108 2202 1184 2232 huic
1207 2202 1354 2232 animum
1373 2203 1443 2233 ads.
1465 2207 1527 2234 cett.

201 2253 263 2282 495
289 2244 322 2274 in
340 2244 429 2275 uiam
446 2244 479 2274 A
615 2245 680 2283 496
703 2244 822 2275 similis
849 2255 886 2275 es
915 2256 990 2275 cum
1019 2244 1106 2276 codd.
1135 2244 1348 2277 Pn'scianus:
1372 2246 1467 2276 simia
1492 2257 1529 2276 es

201 2286 347 2326 Bentley:
375 2287 502 2318 simiu's
521 2286 693 2318 Fleckeisen
827 2298 892 2328 499
917 2298 995 2319 cura
1013 2287 1196 2319 Paumier:
1221 2299 1316 2320 curre
1339 2288 1451 2320 codd.:
1476 2290 1527 2320 abi

202 2339 384 2370 praecurre
399 2330 486 2362 Don.
508 2331 542 2360 in
559 2330 671 2362 lemm.
806 2341 871 2370 500
896 2332 954 2362 fiet
972 2331 1145 2362 Fleckeisen
1161 2344 1167 2363 :
1193 2333 1249 2363 fiat
1267 2332 1352 2364 codd.
1466 2343 1525 2372 501

201 2374 245 2403 sic
259 2373 325 2404 DG
340 2385 345 2405 :
372 2375 399 2404 si
418 2374 583 2404 Chremes
596 2374 659 2405 hoc
676 2374 758 2405 forte
776 2374 863 2406 codd.
885 2378 949 2406 cett.
1042 2385 1116 2414 502,
1136 2386 1200 2415 503
1225 2377 1340 2407 redeat
1353 2380 1381 2407 ct
1395 2381 1528 2407 maneat

202 2417 329 2448 inuerso
346 2417 458 2448 ordine
473 2417 555 2448 dant
569 2416 657 2449 codd.
677 2429 683 2449 :
709 2422 785 2449 recle
800 2418 965 2449 constituit
980 2418 1109 2458 Bentley
