1773 2750
695 116 1016 154 PRAEFATIO

192 220 372 268 Longum
402 226 459 257 est
487 218 659 256 uirorum
686 219 893 257 doctorum
921 217 988 268 qui
1015 218 1064 256 de
1092 219 1165 255 hac
1192 232 1231 256 re
1252 218 1515 259 disseruerunt

190 284 402 322 sententias
432 285 556 322 uarias
582 284 732 321 referre.
791 282 918 321 Satius
947 283 1051 321 duco
1081 282 1269 321 iudicium
1300 285 1515 324 exscribere

189 347 304 397 (mihi
333 348 406 398 ipsi
435 349 550 387 ualde
580 347 800 399 probabile)
830 348 938 397 quod
970 347 1167 394 Dziatzko,
1201 347 1260 385 uir
1288 348 1436 397 optime
1466 352 1515 388 de

190 412 376 451 Terentio
398 414 568 459 meritus,
583 412 621 450 in
640 412 823 451 editionis
840 425 932 450 suae
948 413 1167 462 praeclarae
1189 412 1373 464 (Lipsiae,
1398 415 1516 464 1884)

190 476 429 525 praefatione
454 477 636 527 protulit:

233 547 331 577 nobis
363 547 607 586 persuademus
630 551 764 586 praeter
796 546 996 576 Bembinum
1028 550 1061 575 et
1093 545 1248 585 calliopii
1282 546 1513 576 recensionem

189 590 323 620 tertium
348 591 515 629 quendam
540 590 677 629 sontem,
704 600 723 620 a
749 590 916 620 Bembino
941 590 1028 627 quod
1054 590 1095 619 ad
1121 594 1247 619 textum
1269 590 1389 619 attinet
1413 591 1514 628 paulo

190 635 330 672 propius
347 634 537 669 distantem,
553 634 649 663 nobis
665 633 917 671 agnoscendum
931 643 1029 663 csse:
1054 633 1144 663 unde
1157 633 1342 662 Victoriani
1357 633 1512 663 familiam

189 678 233 706 ita
251 677 388 706 ssuxisse
405 682 438 707 ut
457 677 615 717 Calliopii
634 677 786 707 recensio
803 677 902 715 uolgo
926 681 1062 714 recepta
1079 676 1243 714 gradatim
1262 676 1369 714 magis
1392 676 1423 705 in
1441 687 1514 706 eam

189 724 382 758 penetraret
419 720 630 759 maximeque
669 725 764 750 textu
803 724 991 758 exaequato
1029 720 1082 749 uel
1121 729 1244 749 nomen
1282 729 1378 749 suom
1417 720 1513 750 alteri

190 763 336 793 familiae
362 764 502 794 inderet.
530 764 575 793 ita
599 764 775 802 aptissime
799 767 833 793 et
858 763 1039 792 similitudo
1064 762 1119 792 illa
1136 773 1221 801 quae
1240 767 1292 792 est
1316 763 1461 793 familiae
1479 764 1514 791 δί

188 817 261 836 curn
286 806 333 844 A,
351 811 383 836 et
404 807 475 837 eius
500 807 672 846 proprium
698 807 864 846 quoddam
882 806 1026 845 pretium
1052 811 1085 836 et
1109 807 1196 845 quod
1220 806 1418 845 plerumque
1440 817 1514 836 cun:

189 850 388 880 recensione
404 862 426 889 ’γ
443 851 597 889 congruit
615 851 811 889 explicatur.

242 911 320 948 Sed
348 910 508 948 Terenti
542 909 781 948 emendandi
810 910 907 948 ratio
937 923 1016 947 non
1047 911 1173 948 solum
1202 922 1225 947 a
1254 909 1360 947 libris
1382 923 1515 947 manu-

187 975 337 1024 scriptis
358 976 505 1025 pendet
522 990 528 1013 :
557 974 796 1013 adminicula
816 975 1009 1013 habemus
1030 974 1204 1024 pleniore
1224 988 1343 1024 quam
1363 976 1515 1013 adsolet

188 1040 322 1079 modio
343 1048 518 1079 ueterum
541 1041 771 1090 scriptorum
794 1040 1028 1086 testimonia,
1051 1039 1393 1090 grammaticorum
1411 1054 1515 1078 com-

188 1113 330 1153 menta,
362 1106 533 1144 uirorum
563 1105 735 1155 denique
765 1106 971 1143 doctorum
1001 1118 1024 1143 a
1053 1104 1188 1143 litteris
1218 1104 1361 1142 renatis
1390 1118 1515 1154 usque

186 1172 237 1208 ad
264 1171 369 1208 hunc
390 1170 495 1208 diem
524 1171 826 1208 lucubrationes.
886 1172 994 1208 Inter
1021 1169 1297 1219 grammaticos
1326 1170 1513 1207 familiam

187 1235 295 1273 ducit
340 1235 475 1274 Aelius
521 1237 703 1274 Donatus
742 1234 808 1285 qui
855 1248 954 1273 saec.
995 1234 1067 1272 jvto
1106 1233 1435 1272 commentarium
1475 1235 1512 1272 in

187 1299 347 1337 'serenti
385 1300 627 1343 Comoedias
672 1299 824 1349 scripsit
868 1300 999 1337 adhuc
1045 1298 1238 1348 integrum
1283 1306 1512 1345 exstantem,

187 1372 349 1414 excepta
386 1364 450 1402 illa
488 1364 615 1414 operis
654 1372 761 1414 parte
800 1377 900 1413 quae
938 1365 989 1402 ad
1023 1365 1206 1401 [seauton
1241 1365 1514 1402 limormncnon

186 1429 334 1467 attinet.
415 1429 522 1467 Huic
566 1430 761 1467 accedunt
807 1428 1054 1478 Eugrapbius
1094 1429 1252 1466 Seruius
1293 1429 1514 1467 Priscianus

187 1495 337 1533 Probus
367 1493 434 1544 qui
464 1495 697 1543 quantulum
732 1494 829 1531 lucis
859 1494 1047 1531 Terentio
1080 1493 1281 1531 attulerint
1314 1508 1360 1532 ex
1393 1495 1514 1532 adno-

186 1559 334 1597 tatione
381 1559 632 1609 perspexeris.
711 1560 819 1596 Inter
866 1558 1036 1597 editores
1084 1558 1196 1596 facile
1245 1559 1389 1608 primas
1436 1559 1513 1609 agit

186 1624 379 1663 Ricardus
402 1625 576 1673 Bentley,
600 1623 667 1673 qui
687 1623 867 1662 doctrina
891 1623 1053 1671 infinita,
1078 1624 1224 1662 iudicio
1245 1624 1512 1670 subtilissimo,

185 1689 433 1728 coniectandi
464 1688 633 1727 sollertia
661 1689 895 1736 felicissima,
928 1702 1065 1726 sensus
1100 1688 1279 1727 mirando
1313 1703 1358 1727 ac
1388 1703 1514 1739 paene

185 1754 322 1793 diuino
360 1754 553 1801 acumine,
594 1754 732 1792 studiis
770 1753 1017 1792 'l‘erentianis
1059 1761 1097 1792 et
1135 1753 1382 1803 potissimum
1422 1756 1513 1792 artis

187 1819 369 1858 metricae
389 1819 604 1869 cognitioni
625 1827 775 1857 tantum
805 1820 948 1869 profuit
969 1826 1159 1868 quantum
1183 1832 1262 1857 non
1283 1819 1347 1857 alii
1368 1820 1510 1858 cuncti.

189 1885 318 1922 Huius
338 1884 511 1934 uestigiis
541 1884 763 1922 insistentes
791 1891 828 1921 et
856 1883 969 1921 huius
990 1883 1054 1921 uia
1073 1897 1119 1921 ac
1138 1885 1289 1922 ratione
1310 1898 1451 1934 magna
1467 1899 1513 1923 ex

184 1958 292 1999 parte
322 1948 380 1987 usi
407 1950 556 1998 optime
577 1950 627 1987 de
647 1948 835 1987 Terentio
857 1948 980 1986 meriti
1004 1956 1094 1986 sunt
1115 1948 1335 1987 Fridericus
1359 1949 1513 1987 Ritschl

184 2022 221 2052 et
243 2015 425 2052 Alfredus
454 2013 695 2061 Fleckeisen,
717 2013 827 2052 cuius
855 2013 1070 2052 editionem
1097 2015 1190 2051 anni
1216 2016 1514 2064 1898—discre-

184 2087 342 2129 pantem
364 2079 537 2116 immane
557 2086 747 2128 quantum
768 2079 819 2117 ab
841 2078 1012 2117 editione
1033 2085 1254 2129 stereotypa
1273 2079 1366 2117 armi
1398 2083 1510 2130 1857,

184 2158 301 2194 quam
336 2144 457 2182 citant
487 2144 769 2193 Umpfenbach
798 2152 836 2182 et
868 2143 1150 2182 Dziatzko—in
1181 2145 1254 2182 hac
1283 2145 1512 2184 recensione

184 2211 357 2259 paranda
386 2222 539 2259 semper
573 2209 672 2247 inter
708 2223 845 2247 manus
875 2209 1082 2247 habebam.
1143 2210 1275 2247 Huius
1303 2224 1349 2248 ex
1379 2211 1510 2248 subtili

185 2274 410 2324 praesertim
443 2276 481 2312 in
514 2289 553 2313 re
583 2274 743 2313 metrica
777 2288 894 2312 sensu
925 2288 1111 2324 magnum
1141 2275 1310 2313 fructum
1341 2276 1509 2325 percepi,

229 2346 237 2362 ¹
262 2345 405 2376 Codices
423 2345 488 2376 DG
504 2346 626 2384 quibus
643 2355 745 2384 saepe
756 2343 816 2374 EL
836 2345 1042 2385 (Lipsiensis
1058 2355 1144 2376 saec.
1158 2347 1193 2382 x)
1206 2356 1282 2376 cum
1305 2344 1509 2377 Vacccdunt

185 2390 296 2420 littera
313 2390 339 2428 δ,
360 2390 509 2428 reliquos
526 2393 639 2420 autem
657 2390 768 2420 littera
784 2401 806 2429 γ
824 2390 986 2420 denotant
1006 2390 1169 2420 Dziatzko
1186 2389 1320 2429 aliique.
