1773 2750
148 99 200 135 II.

223 98 267 134 iii
639 100 678 136 P.
711 100 962 136 TERENTI
994 100 1126 137 AFRI

221 209 314 246 PH.
347 208 378 246 si
400 215 440 247 tu
461 209 565 247 illam
586 207 756 258 attigeris
776 208 888 247 secus
909 222 1027 259 quam
1049 209 1250 258 dignumst
1270 208 1442 254 liberam,

221 274 350 314 dicam
373 274 442 313 tibi
462 276 650 325 grandem
671 274 884 325 impingam.
943 274 1033 321 dixi,
1054 274 1266 324 De'mipho.

221 339 252 378 si
272 340 367 390 quid
388 352 487 390 opus
507 339 632 387 fuerit,
654 340 762 387 heds,
785 337 907 379 dom'o
929 353 1002 379 me.
1067 340 1158 379 GE.
1190 338 1384 388 intellego.
1567 339 1635 373 440

157 491 203 529 iv
268 490 536 527 DEMIPHO
647 490 796 528 GETA
908 491 1093 538 Hssoio
1203 488 1494 527 CRATINVS

796 554 828 593 C
845 565 869 591 R
885 565 895 591 1
911 565 935 591 T
949 565 974 591 o

161 1317 199 1339 Ic·

157 1965 195 1986 20

218 654 317 691 DE.
350 651 510 701 Quanta
530 665 592 691 me
613 665 705 691 cura
724 658 761 691 et
782 651 1045 691 sollicitudine
1066 650 1198 690 adficit

217 719 368 768 gnattiS,
391 716 458 768 qui
479 731 542 756 me
563 724 600 755 et
620 730 662 755 se
681 716 790 755 hisee
810 716 1003 766 inpediuit
1023 716 1170 766 niiptiis
1190 719 1196 753 !

217 795 347 832 neque
368 781 421 820 mi
441 782 481 820 in
502 788 759 832 conspectum
780 781 921 831 prodit,
944 788 986 819 ut
1007 781 1143 819 saltem
1166 780 1285 819 sciam

218 846 314 898 quid
334 848 384 886 de
405 846 450 885 ea
469 860 509 885 re
530 846 635 885 dicat
650 847 798 896 quidue
818 845 867 883 sit
887 845 1115 884 sententiae.

216 912 291 959 abi,
315 913 399 951 uise
418 911 626 951 redieritne
647 910 724 949 iam
745 924 795 948 an
817 911 996 949 nondtim
1017 911 1193 949 domum.
1567 919 1610 951 44
1617 918 1632 953 5

222 978 313 1016 GE.
345 977 404 1015 eo.
421 1000 472 1004 —
487 977 586 1014 DE.
618 974 761 1014 uidetis
782 988 861 1025 quo
883 976 920 1013 in
943 976 1031 1013 loco
1052 988 1111 1013 res
1133 974 1229 1012 hae'c
1250 974 1344 1013 siet:

217 1040 313 1092 quid
334 1040 436 1092 ago?
465 1041 539 1088 dic,
565 1039 708 1090 Hegio.
766 1041 866 1078 HE.
898 1039 1001 1090 ego?
1030 1038 1234 1079 Cratinum
1256 1039 1411 1085 ce'nseo,

216 1105 248 1144 si
269 1105 339 1144 tibi
360 1105 525 1145 uidetur.
582 1106 681 1144 DE.
713 1106 788 1152 dic,
812 1104 982 1144 Cratine.
1042 1105 1170 1143 CRA.
1202 1103 1317 1143 mene
1338 1103 1426 1142 uis?

216 1172 315 1209 DE.
347 1178 395 1209 te.
456 1172 583 1210 CRA.
614 1184 687 1220 ego
708 1183 808 1220 quae
830 1171 867 1207 in
890 1183 968 1208 rem
991 1176 1098 1208 tuam
1119 1169 1195 1208 sint
1217 1169 1261 1208 ea
1282 1169 1399 1208 uelim
1416 1170 1542 1209 facitis.

431 1235 527 1273 mihi

217 1299 272 1338 sic
293 1300 369 1339 hoc
390 1299 568 1340 uidetur:
598 1301 707 1350 quod
728 1307 765 1339 te
785 1300 948 1339 absente
970 1300 1032 1339 hic
1053 1299 1156 1338 filius
1564 1306 1633 1342 450

217 1366 305 1415 egit,
327 1364 476 1404 restitui
497 1364 535 1403 in
557 1366 750 1415 integrum
772 1373 979 1415 aequomst
1001 1365 1038 1404 et
1059 1366 1220 1411 bonum,

216 1438 254 1469 et
274 1430 314 1469 id
335 1430 573 1481 impetrabis.
631 1430 722 1470 dixi.
780 1432 879 1468 DE.
911 1431 975 1469 dic
995 1444 1112 1477 nunc,
1138 1429 1280 1481 Hegio.

215 1497 313 1533 HE.
346 1508 419 1545 ego
439 1495 577 1534 sedulo
597 1496 703 1534 hune
723 1495 866 1534 dixisse
887 1496 1005 1534 credo
1020 1510 1031 1543 3
1059 1495 1195 1534 uerum
1216 1494 1316 1542 itast,

215 1561 323 1610 quod
344 1560 525 1600 homines
545 1567 603 1599 tot
622 1559 862 1599 sententiae:
893 1574 984 1599 suos
1005 1561 1177 1611 quoique
1199 1574 1294 1599 mos.

215 1625 311 1663 mihi
332 1625 413 1664 non
433 1624 589 1664 uidetur
608 1625 717 1675 quod
737 1625 785 1663 sit
806 1626 952 1663 factum
973 1625 1123 1676 le'gibus
1563 1624 1628 1661 455

215 1689 384 1728 rescindi
403 1703 520 1740 posse
534 1704 544 1738 3
574 1697 611 1729 et
632 1691 743 1740 tiirpe
764 1689 972 1740 inceptust.
1029 1692 1129 1728 DE.
1161 1690 1234 1737 dic,
1259 1689 1379 1729 Crito.

217 1756 327 1794 CRI.
359 1768 432 1805 ego
452 1754 619 1806 amplius
640 1754 939 1794 deliberandum
960 1754 1127 1794 censeo:

214 1833 273 1858 res
290 1818 478 1870 magnast.
535 1821 634 1858 HE.
666 1833 761 1858 num
776 1819 871 1870 quid
885 1820 956 1859 nos
970 1819 1059 1859 uis?
1104 1821 1204 1858 DE.
1236 1819 1379 1858 fecistis
1396 1818 1518 1870 probe
1535 1834 1542 1858 :

214 1883 396 1923 ince'rtior
415 1897 502 1923 sum
523 1886 648 1923 miilto
669 1897 787 1935 quam
808 1886 972 1924 dudiim.
989 1908 1040 1913 —
1060 1886 1152 1925 GE.
1183 1892 1328 1934 negant

214 1950 371 1988 redisse.
428 1950 527 1988 DE.
559 1951 674 1989 frater
695 1950 751 1988 est
773 1952 1059 2001 exspectandtis
1081 1949 1200 1988 mihi:
1561 1950 1630 1993 460

213 2013 245 2053 is
265 2014 373 2064 quod
394 2013 490 2052 mihi
511 2014 662 2053 dederit
683 2016 732 2053 de
753 2015 826 2053 hac
847 2029 886 2054 re
907 2015 1126 2062 eonsilium,
1150 2016 1190 2053 id
1211 2027 1360 2064 sequar.

212 2079 484 2130 percontatum
506 2079 573 2118 ibo
592 2080 644 2118 ad
664 2080 831 2130 portum,
854 2081 987 2130 quoad
1008 2094 1048 2119 se
1068 2079 1240 2130 recipiat.

216 2146 309 2184 GE.
339 2151 378 2183 at
399 2158 471 2195 ego
487 2134 759 2195 Antiphonem
773 2144 970 2194 quaeram,
986 2153 1027 2184 ut
1043 2141 1144 2195 Quae
1157 2152 1244 2184 acta
1259 2143 1323 2183 hic
1339 2145 1416 2184 sint
1431 2143 1538 2184 sciat.

212 2210 282 2249 sed
303 2223 441 2248 eccum
463 2211 590 2259 ipsum
611 2209 729 2249 uideo
751 2209 788 2247 in
811 2209 986 2260 tempore
1007 2211 1085 2249 huc
1105 2224 1146 2249 se
1167 2210 1349 2261 recipere.

256 2324 320 2353 439
345 2313 527 2354 impingam
550 2313 711 2352 grandem
735 2312 824 2344 codd.
845 2325 851 2344 :
888 2317 1010 2353 lransp.
1038 2314 1211 2345 Fleckeisen
1323 2324 1381 2353 441
1409 2324 1472 2345 non
1497 2316 1543 2344 cst

215 2368 302 2389 noua
318 2367 433 2389 scaena
449 2358 482 2387 in
499 2356 532 2386 A
689 2358 754 2397 456
778 2357 915 2397 inceptu
933 2357 1108 2389 BCEFP:
1133 2358 1304 2398 inceptum
1322 2358 1355 2388 A
1375 2369 1450 2390 cum
1473 2361 1539 2389 cctl.
