1773 2750
134 106 202 143 IV.
225 105 285 141 vii
648 106 687 142 P.
720 105 972 143 TERENTI
1002 105 1135 142 AFRI

160 230 202 261 40
223 215 281 253 sat
310 216 387 254 hoc
418 214 535 254 tibist.
601 217 730 253 THR.
763 215 869 254 idem
899 215 975 254 h6c
1000 223 1052 262 tu,
1075 216 1226 253 Thais?
1288 215 1374 252 TH.
1407 211 1550 264 quaere
1569 220 1636 253 810

437 280 505 330 qui
526 280 829 330 resp6ndeat.-

229 346 357 383 THR.
390 346 486 395 quid
524 357 631 382 nunc
669 343 850 394 agimus?
921 346 1014 384 GN.
1047 345 1142 394 quin
1181 344 1409 383 redeamus:
1454 342 1550 381 haec

439 408 510 447 tibi
531 408 608 447 iam
629 408 754 447 aderit
776 408 1000 460 supplicans

223 475 333 512 ultro.
400 475 528 511 THR.
562 472 728 512 credin?
790 474 884 512 GN.
916 475 1037 512 immo
1064 481 1190 513 certe:
1225 472 1320 512 n6ui
1350 472 1550 523 ingenium

438 538 668 577 mulierum:

221 603 359 641 ndlunt
376 603 443 641 ubi
460 604 567 649 uelis,
586 602 654 641 ubi
671 602 771 641 nolis
788 602 952 653 cupiunt
968 605 1078 642 ultro.
1144 605 1273 642 THR.
1306 602 1408 641 bene
1424 610 1548 653 putas.

225 669 318 707 GN.
341 667 417 705 iam
439 667 596 706 dimitto
617 667 859 706 exercitum?
912 670 1041 707 THR.
1074 667 1140 707 ubi
1162 667 1231 706 uis.
1294 668 1386 706 GN.
1410 667 1548 717 Sanga,

436 733 489 771 ita
509 740 551 771 ut
571 734 679 771 fortis
701 734 814 771 decet

159 809 198 839 45
222 797 373 844 milites,
396 799 507 837 domi
527 797 682 848 focique
705 798 766 835 fac
786 797 959 836 uicissim
981 806 1023 836 ut
1045 797 1278 836 memineris.
1571 808 1634 850 815

220 863 301 900 SA.
338 861 414 900 iam
454 863 607 901 dudum
647 862 801 900 animus
841 861 898 900 e'st
932 861 972 899 in
1006 861 1159 912 patinis.
1233 864 1326 902 GN.
1364 862 1462 912 frugi
1497 875 1549 900 es.

442 929 571 966 THR.
603 940 675 965 uos
697 940 760 965 me
781 927 856 964 hac
877 925 1097 976 sequimini.

719 1058 955 1106 ACTVS
1004 1058 1049 1104 V

185 1187 198 1224 i
619 1170 796 1207 THAis
908 1171 1154 1207 Panms

224 1249 264 1285 T
256 1248 311 1285 H.
345 1247 499 1297 Pergin,
520 1247 694 1293 scelesta,
720 1245 875 1284 me'cum
897 1247 1077 1296 perplexe'
1098 1246 1235 1296 loqui?

220 1310 334 1359 ιεςίο,
357 1310 501 1357 nescio,
525 1310 631 1357 abiit,
655 1309 801 1358 audiui,
825 1324 898 1361 ego
918 1324 999 1349 non
1019 1310 1150 1349 adfui)

217 1390 298 1415 non
318 1383 360 1414 tu
382 1377 479 1414 istuc
502 1375 597 1413 mihi
619 1375 771 1414 dictura
791 1383 923 1425 aperte
944 1389 984 1414 es
1006 1375 1199 1426 quidquid
1220 1378 1307 1415 est?

217 1440 326 1491 uirgd
347 1440 545 1480 conscissa
566 1440 675 1479 ueste
697 1442 917 1479 lacrumans
939 1440 1110 1490 6pticet3
1567 1449 1636 1484 820

179 1525 195 1556 5
217 1507 422 1545 eunuchus
443 1505 561 1544 abiit:
593 1519 711 1556 quam
736 1505 789 1544 db
810 1519 891 1544 rem
912 1512 978 1543 aut
999 1505 1095 1556 quid
1115 1506 1328 1544 factumst?
1358 1507 1492 1544 taces?

217 1572 305 1609 ΡΥ.
337 1570 433 1621 quid
454 1569 524 1609 tibi
546 1584 618 1621 ego
641 1570 771 1610 dicam
794 1572 963 1609 misera?
992 1570 1101 1608 illum
1122 1571 1349 1609 eunuchum
1371 1579 1513 1621 negant

217 1637 345 1675 fuisse.
411 1637 498 1674 TH.
531 1635 618 1686 quis
640 1636 712 1674 fuit
734 1635 877 1686 igitur?
932 1637 1021 1674 ΡΥ.
1053 1635 1124 1674 iste
1146 1634 1331 1674 Chaerea.

224 1703 263 1739 Τ
255 1703 310 1739 Η
343 1700 409 1751 qui
432 1699 638 1740 Chae'rea‘?
696 1703 784 1739 ΡΥ.
819 1701 890 1740 iste
911 1700 1088 1752 ephe'bus
1109 1702 1223 1739 frater
1244 1700 1470 1739 Phaedriae.

223 1768 309 1805 TH.
342 1765 438 1816 quid
458 1757 527 1814 a'i's,
551 1767 758 1805 uenefica?
814 1767 903 1804 PY.
935 1765 1042 1816 atqui
1063 1772 1166 1804 certe
1187 1765 1371 1816 ecsmperi.
1568 1772 1610 1805 82
1617 1779 1633 1815 5

160 1849 198 1870 10
223 1833 310 1869 TE
343 1830 438 1881 quid
470 1831 501 1870 is
537 1831 702 1870 6bsecro
737 1832 788 1871 ad
818 1832 919 1870 nos?
959 1844 1078 1882 quam
1113 1830 1165 1870 ὀὶ)
1196 1844 1277 1869 rem
1307 1831 1549 1869 adductust?

432 1898 521 1935 ΡΥ.
553 1896 713 1946 ne'sci03

217 1961 290 1999 nisi
310 1961 462 2000 amasse
483 1963 601 2001 credo
623 1963 881 2014 Pamphilam.
946 1964 1034 2001 TH.
1066 1963 1168 2009 hem,
1193 1961 1332 2000 misera
1352 1960 1489 2007 decidi,

216 2026 359 2074 infelix,
383 2026 578 2077 siquidem
602 2035 642 2066 tu
665 2030 784 2067 istaec
804 2042 896 2068 uera
915 2027 1128 2078 praedicas.

216 2105 311 2129 num
342 2091 381 2131 id
411 2092 600 2131 lacrumat
630 2093 769 2144 uirgo?
824 2094 912 2131 ΡΥ.
944 2092 985 2132 id
1014 2094 1163 2143 opinor.
1234 2093 1321 2130 TH.
1354 2091 1448 2142 quid
1478 2095 1545 2138 ai's,

432 2157 616 2208 sacrilega
629 2160 645 2197 ?
1062 2171 1065 2173 ·

217 2221 383 2262 istucine
403 2221 654 2262 interminata
674 2236 760 2262 sum
782 2222 874 2262 hinc
893 2222 1030 2262 abie'ns
1051 2221 1151 2262 tibi?
1565 2220 1633 2264 330

259 2321 324 2351 810
341 2325 391 2351 sat
403 2319 577 2351 Fleckeisen
592 2331 597 2350 :
623 2320 705 2351 satis
722 2319 827 2351 codd:
852 2320 915 2351 hoc
925 2330 992 2351 om.
1007 2319 1136 2359 Bentley
1205 2319 1293 2350 idem
1308 2319 1370 2350 hoc
1382 2324 1428 2358 tu,
1442 2319 1547 2350 Thais

218 2362 379 2394 Dziatzko
395 2375 401 2394 :
427 2363 513 2394 idem
533 2368 566 2394 tu
585 2363 648 2395 hoc
672 2364 722 2394 ais
734 2363 839 2394 Thais
857 2366 881 2395 Σ
897 2367 925 2394 et
940 2363 1006 2395 A¹:
1030 2364 1110 2403 quid
1129 2374 1218 2394 nunc
1236 2369 1270 2394 tu
1288 2364 1337 2394 ais
1353 2363 1455 2394 Thais
1466 2363 1498 2393 A
1513 2366 1549 2393 nt

217 2406 515 2448 lcgt'tSludemund
571 2408 631 2438 811
652 2407 732 2448 quid
747 2408 924 2438 redeamus
935 2407 984 2437 Αι
1054 2409 1117 2446 825
1135 2413 1227 2438 certo
1241 2408 1336 2438 DFB
1351 2420 1357 2439 :
1376 2413 1466 2439 certe
1481 2411 1543 2438 cell.
