1773 2750
151 132 197 169 V.
220 131 248 168 ii
640 130 679 166 P.
713 127 966 166 TERENTI
998 127 1130 165 AFRI

160 255 199 286 25
221 242 313 280 PH.
345 248 383 280 at
423 242 580 280 easdem
615 239 760 279 amicas
799 239 880 278 f6re
918 238 988 277 tibi
1028 238 1224 289 promitto,
1258 249 1339 276 rem
1378 235 1445 276 ubi
1485 248 1545 275 co-

433 306 588 356 gncsrint
602 321 613 354 3

218 385 309 410 nam
330 371 414 411 illas
435 384 562 412 errore
583 378 621 410 et
641 369 679 410 te
700 369 815 408 simul
837 368 1061 420 suspicione
1082 368 1272 407 exsc'ssues.

216 437 308 476 BA.
340 437 446 488 perii,
488 437 611 486 pudet
650 434 917 473 Phihimenae.
977 447 1040 473 me
1078 431 1288 483 sequimini
1327 431 1428 470 intro
1466 433 1544 470 huc

431 500 642 539 ambae.—

215 568 302 605 LA.
335 565 431 616 quid
458 572 516 604 est
543 564 639 603 mihi
663 565 773 615 quod
799 563 933 603 malim
961 563 1079 615 quam
1101 563 1210 614 quod
1238 561 1331 601 huic
1360 560 1544 612 intellego

430 631 602 679 euenire,

214 704 257 736 ut
276 696 439 747 gratiam
459 695 564 735 ineat
585 697 668 734 sine
688 709 760 734 suo
781 694 991 746 dispendio
1012 702 1049 733 et
1070 693 1165 732 mihi
1186 693 1337 744 prdsit?
1561 701 1626 738 795

154 775 195 806 30
214 774 304 800 nam
327 761 357 799 si
379 761 436 800 e'st
456 768 498 799 ut
519 762 617 799 haec
637 773 743 799 nune
765 760 1015 810 Pamphilum
1037 772 1128 798 uere
1148 759 1198 797 ab
1219 771 1260 797 se
1281 756 1498 808 segregarit,

214 827 286 865 seit
307 826 380 865 sibi
401 825 649 864 nobilitatem
670 825 716 864 ex
737 838 794 867 ea„
803 838 842 863 re
863 825 995 863 natam
1016 831 1055 862 et
1075 823 1236 873 gloriam
1258 822 1342 862 esse
1362 838 1368 861 :

213 893 308 930 feret
327 891 489 942 gratiam
510 890 593 930 eius
614 890 772 941 unaque
792 903 865 929 nos
886 889 960 929 sibi
981 889 1099 940 (Spera
1118 888 1266 927 amicos
1287 888 1430 938 ii'mget.

151 1020 196 1057 iii
567 1020 842 1057 PARMENO
954 1019 1201 1056 BACCHIS

212 1108 300 1146 ΡΑ.
333 1096 487 1158 Edepol
527 1119 577 1145 ne
615 1119 744 1145 meam
784 1104 870 1144 erus
909 1118 994 1144 esse
1033 1118 1192 1156 operam
1231 1104 1392 1155 de'putat
1432 1104 1541 1154 parui

426 1171 536 1222 preti,

210 1237 276 1289 qui
298 1238 351 1277 <sb
371 1251 453 1277 rem
474 1239 622 1276 nullam
644 1237 759 1285 misit,
783 1238 920 1276 frustra
941 1236 1008 1275 ubi
1029 1237 1155 1275 t6tum
1178 1236 1314 1275 desedi
1334 1235 1452 1283 diem,
1559 1239 1628 1273 800

211 1303 444 1355 Myconium
464 1302 661 1353 hospitem
683 1304 779 1341 dum
801 1310 965 1352 expecto
988 1302 1027 1340 in
1048 1302 1135 1341 arce
1157 1300 1471 1341 Callidemidem.

209 1370 340 1419 itaque
361 1368 516 1418 ineptus
538 1368 658 1407 h6die
679 1368 773 1406 dum
797 1367 850 1405 illi
872 1369 1003 1415 sedeo,
1027 1375 1069 1406 ut
1090 1366 1257 1417 quisque
1279 1366 1451 1413 uenerat,

171 1447 186 1477 5
208 1434 472 1473 accedebam:
505 1433 770 1481 ‘adulescens‚
794 1433 858 1472 dic
887 1434 983 1473 dum
1014 1434 1114 1472 milei
1138 1446 1297 1484 quaeso,
1321 1446 1361 1472 es
1392 1440 1432 1471 tu
1455 1433 1538 1482 My-

424 1499 562 1538 conius
579 1501 595 1538 ?
611 1501 618 1517 '

211 1564 325 1603 “n6n
353 1565 475 1602 sum.”
535 1567 596 1602 ‘at
621 1562 959 1603 Callidemides?’
1017 1567 1041 1584 “
1058 1565 1173 1602 non.'’
1233 1562 1454 1614 ‘ho'spitem
1479 1575 1537 1601 ec-

423 1642 542 1679 quem
564 1628 816 1679 Pamphilum

206 1696 269 1733 hic
290 1694 466 1733 habes?'
496 1693 634 1733 omnes
656 1694 852 1744 negabant
872 1708 879 1733 ε
910 1693 1040 1745 neque
1067 1708 1158 1734 eum
1183 1706 1425 1745 quemquam
1452 1706 1537 1733 esse
1556 1699 1621 1744 805

421 1759 594 1798 arbitror.

205 1824 378 1876 de'nique
399 1826 530 1864 hercle
551 1824 627 1863 iam
648 1825 824 1875 pudebat
841 1841 847 1865 :
878 1825 967 1864 abii.
1028 1826 1098 1864 sed
1119 1825 1215 1875 quid
1236 1825 1476 1864 Bacchidem

204 1891 255 1929 cib
275 1898 410 1929 nostro
430 1891 562 1929 adfine
583 1889 790 1929 exeuntem
814 1892 963 1930 uideo?
992 1890 1088 1941 quid
1110 1890 1201 1929 huic
1222 1890 1285 1929 hic
1307 1890 1363 1929 est
1384 1892 1469 1929 rei?

149 1967 185 1988 10
204 1957 295 1994 BA.
330 1955 534 2003 Parmeno,
558 1958 780 2006 opportt'me
802 1964 840 1996 te
861 1958 975 1996 offers
996 1973 1002 1996 z
1034 1957 1198 2007 pr6pere
1223 1969 1332 1995 curre
1352 1958 1402 1996 ad
1426 1956 1534 1995 Psim-

419 2021 582 2071 philum.

204 2088 290 2125 ΡΑ.
324 2087 418 2136 quid
440 2088 517 2125 eo?
573 2088 664 2125 BA.
698 2087 761 2126 dic
792 2101 855 2126 me
880 2088 988 2126 ordre
1009 2095 1050 2126 ut
1072 2087 1213 2126 ueniat.
1272 2088 1360 2126 PA.
1393 2087 1442 2126 aid
1465 2089 1533 2126 te?

418 2152 510 2190 BA.
544 2151 666 2190 immo
686 2153 736 2190 ad
760 2141 1064 2191 Phili'imenams

247 2264 304 2294 791
334 2253 510 2286 Fleckeisen
525 2265 531 2284 :
558 2264 628 2284 rem
646 2254 700 2285 ubi
719 2255 943 2294 cognouerint
962 2258 985 2286 Σ
1001 2267 1007 2286 :
1032 2265 1147 2285 uersus
1163 2253 1245 2286 dces!
1260 2255 1293 2285 in
1310 2256 1342 2286 A
1471 2268 1530 2297 794

202 2298 376 2330 Fleckeisen
395 2310 401 2330 ε
426 2298 516 2338 quod
534 2297 614 2328 mihi
632 2297 719 2330 codd.
842 2308 905 2338 797
929 2309 971 2329 ex
989 2309 1028 2329 ea
1047 2309 1081 2329 re
1097 2298 1271 2330 Donatus:
1296 2309 1338 2330 ex
1355 2310 1396 2330 co
1413 2304 1446 2331 et
1461 2311 1530 2332 rem

202 2342 288 2375 codd.
424 2342 487 2381 798
510 2341 707 2373 Fleckeisen:
735 2341 859 2372 reseret
887 2342 1028 2381 gratiam
1055 2342 1087 2373 ei
1113 2341 1224 2373 AD'J:
1252 2343 1444 2383 reseretque
1461 2349 1525 2376 cett.

201 2389 264 2424 803
290 2386 370 2416 milii
389 2386 449 2417 ins.
469 2384 630 2416 Dsiatzko
690 2391 748 2416 tun
768 2395 804 2416 es
821 2397 895 2416 cum
917 2385 1071 2417 Goumno
1089 2385 1173 2426 uolg.
1289 2388 1354 2426 809
1380 2389 1477 2418 uenia
1496 2388 1528 2418 A
