1773 2750
762 112 1032 151 PHORMIO
1505 112 1549 147 Y.
1573 121 1602 146 v

235 227 330 265 AN.
363 226 432 265 sed
464 223 696 264 Phormiost.
755 222 850 272 quid
880 217 967 260 ais?
1022 222 1115 259 ΡΗ
1147 220 1274 270 quid?
1329 222 1425 259 AN.
1457 221 1552 271 quid
1574 233 1590 264 5

448 302 536 328 nam
559 291 664 326 minc
685 289 871 325 factm-nst
895 285 1117 324 Phaedria?

232 367 312 404 quo
332 353 448 404 pcicto
469 353 684 392 satietatem
705 350 848 390 amoris
869 351 921 388 ait
942 363 983 388 se
1003 350 1104 388 uelle
1124 349 1330 388 absijmere
1347 351 1363 388 ?

147 418 210 462 835
232 420 325 457 ΡΗ
358 417 529 456 uicissim
563 416 681 467 partis
713 416 798 454 tuzis
829 422 985 453 acturus
1019 414 1087 453 est.
1145 415 1241 452 AN.
1273 416 1403 463 quas?
1458 415 1552 452 PH.

447 489 489 520 ut
510 480 645 531 fugitet
666 488 827 531 patrem.

233 555 270 586 te
291 547 378 585 δυάς
399 546 548 597 rogauit
568 548 719 584 riirsum
740 553 783 584 ut
802 557 946 595 agereS‚
969 546 1127 583 caiisam
1148 551 1190 582 ut
1210 556 1281 593 pro
1302 556 1343 582 se
1364 545 1512 582 diceres
1527 557 1538 591 3

233 624 323 649 nam
344 612 545 661 potaturus
566 609 623 649 est
643 611 749 660 apud
771 623 845 647 me.
904 622 977 659 ego
998 622 1061 647 me
1081 609 1135 647 ire
1156 608 1315 646 senibus
1337 607 1500 646 Stinium

232 675 361 714 dicam
382 676 432 714 eid
453 683 678 722 mercatum,
702 675 925 713 ancillulam
947 681 1124 723 emptum
1145 674 1297 712 di‘idum
1319 685 1437 722 quam
1459 672 1554 711 dixit
1577 686 1614 708 10

448 742 571 779 Geta:

233 818 282 843 ne
311 818 431 855 quom
459 806 522 844 hic
549 819 629 844 non
660 805 821 844 uideant
845 803 908 843 me'
938 805 1131 843 conficere
1161 802 1321 842 credant
1350 805 1554 853 argenton]

447 884 572 909 suom.

145 936 214 980 840
233 936 302 974 sed
333 935 475 974 ostium
507 935 734 985 concrepuit
765 935 835 974 abs
867 941 915 973 te.
974 935 1069 973 AN.
1102 934 1193 973 uide
1225 932 1312 983 quis
1347 932 1553 984 egreditt'm

446 1002 538 1038 PH.
572 1002 719 1039 Getast.

446 1133 594 1171 GETA
705 1134 965 1170 ANTIPHO
1078 1132 1343 1168 PHoRM1o
1572 1126 1617 1162 vi

235 1232 325 1271 GE.
358 1222 394 1269 O
417 1232 598 1277 Fortuna,
622 1244 645 1269 o
668 1230 762 1268 Fors
784 1231 966 1276 Fortuna,
989 1227 1144 1279 quaintis
1165 1227 1524 1275 commoditzitibus,

231 1296 348 1346 quain]
371 1296 500 1334 subito
522 1309 611 1334 meo
638 1308 703 1333 ero
723 1285 943 1344 Antiphoni
970 1306 1045 1343 ope
1074 1294 1205 1331 nostra
1234 1293 1339 1330 hunc
1366 1294 1554 1331 onerastis

445 1360 550 1399 diem
568 1364 574 1398 Ι

230 1428 325 1465 AN.
357 1427 452 1477 quid
487 1439 578 1464 nam
612 1424 676 1463 hic
709 1424 783 1463 sibi
813 1424 924 1462 uolt?
985 1424 1075 1463 GE.
1108 1422 1260 1472 nosque
1293 1421 1441 1460 amicos
1471 1424 1553 1461 eius

445 1492 682 1531 exonerastis
702 1497 809 1529 metu
829 1492 836 1528 1

230 1556 299 1596 sed
320 1570 392 1608 ego
413 1570 518 1595 nunc
539 1555 635 1594 mihi
651 1555 772 1602 ce'SSO,
789 1554 855 1604 qui
876 1566 956 1592 non
974 1555 1152 1592 simerum
1173 1554 1279 1591 hunc
1293 1565 1414 1591 onero
1434 1553 1553 1602 pzillio

144 1622 209 1665 845
231 1625 348 1674 {itque
368 1623 568 1662 hominem
595 1635 762 1673 propero
790 1621 976 1667 inuenire,
999 1628 1041 1658 ut
1068 1620 1165 1658 haec
1192 1632 1293 1669 quae
1320 1620 1552 1670 contigerint
1574 1635 1590 1666 5

444 1689 549 1727 sciat.

229 1754 324 1791 AN.
357 1756 450 1791 min]
481 1761 522 1790 tu
553 1752 743 1801 intellegis
771 1750 866 1800 quid
901 1750 964 1788 hic
996 1751 1154 1788 narret?
1224 1751 1316 1788 ΡΗ
1353 1752 1447 1788 mim
1482 1752 1554 1789 tu?

443 1819 538 1856 AN.
571 1817 634 1855 nil.
694 1817 786 1854 ΡΗ
819 1816 1052 1854 ῖειῃῖιίηᾶεῑη
1074 1828 1156 1865 ego.

234 1884 325 1923 GE.
357 1884 406 1923 :id
433 1885 616 1923 lenonem
644 1883 735 1922 hinc
766 1886 819 1922 ire
848 1897 1032 1934 pergam:
1077 1883 1130 1922 ibi
1160 1885 1266 1921 minc
1296 1890 1396 1921 sunt.
1454 1884 1550 1921 AN.

444 1949 555 1996 heus,
577 1950 700 1987 Geta!
762 1950 852 1988 GE.
886 1949 947 1987 ern
970 1948 1063 1987 tibi:

230 2015 324 2051 mim
346 2013 486 2052 mirum
507 2021 572 2052 aut
594 2015 779 2053 nouomst
800 2014 985 2060 reuocari,
1008 2016 1163 2052 ciirsum
1191 2026 1312 2063 quom
1341 2013 1553 2052 institeris?

443 2080 538 2118 AN.
571 2080 681 2117 Geta.

235 2144 324 2182 GE.
357 2143 478 2193 pe'rgit
518 2145 659 2182 hercle.
728 2146 944 2194 ntimquam
984 2151 1025 2182 tu
1064 2143 1157 2182 odio
1196 2144 1265 2182 tuo
1304 2156 1366 2181 nie
1404 2143 1550 2182 uinces.

442 2210 538 2247 AN.
570 2210 649 2248 non
671 2210 838 2247 manes?

273 2315 338 2352 836
361 2324 440 2345 suas
466 2314 584 2347 AGP:
619 2325 712 2345 suam
729 2314 781 2345 Α2
805 2325 880 2345 cum
899 2318 962 2345 cett.
991 2318 1019 2344 el
1035 2314 1163 2345 Donato
1310 2314 1372 2353 837
1397 2314 1548 2345 senibus-

231 2358 343 2387 unium
361 2359 393 2387 A
526 2360 589 2397 845
615 2359 792 2396 contigerit
810 2358 842 2387 Α
977 2358 1040 2396 848
1066 2367 1223 2387 reuocare
1241 2360 1269 2387 et
1284 2357 1468 2388 institueris
1485 2359 1517 2387 Α
