1773 2750
64 97 139 134 III.
163 96 207 132 iii
594 98 634 133 P.
666 96 917 133 TERENTI
950 97 1079 133 AFRI

166 219 247 248 tute
267 211 367 249 {ideo
389 210 465 248 iam
483 209 565 248 eius
586 210 705 248 uerba
721 209 867 256 audie&
918 211 1029 257 heim,
1044 207 1207 248 euocato
1223 210 1300 247 huc
1323 209 1490 246 Dziuom.

165 284 283 325 atque
304 274 441 314 e‘ccum
463 274 581 313 uideo
603 274 730 324 ipsum
751 275 852 312 foras
873 275 985 312 exire.
1516 271 1582 316 580

101 393 147 428 iv
422 397 607 433 DAvos
719 396 858 433 SIMO
969 395 1241 434 CHREMES

668 483 764 521 DA.
796 483 862 520 Ad
883 489 920 520 te
940 481 1058 520 ibam.
1117 483 1182 521 SI.
1214 483 1309 532 quid
1339 485 1497 521 namst?

165 549 262 586 DA.
291 561 390 598 quor
410 550 506 586 uxor
525 560 606 585 non
622 546 860 585 accersitur?
888 546 965 584 iam
985 545 1287 596 aduesperascit.
1346 548 1411 586 SI.
1434 552 1496 586 au-

381 613 449 651 din
473 611 530 665 [tu
551 610 709 664 illum]?

166 692 238 729 ego
259 679 411 717 dudum
428 691 508 716 non
522 677 577 715 nil
592 677 738 716 ueritus
755 690 853 724 sum,
871 679 996 724 Daue,
1011 677 1082 715 zibs
1097 685 1150 725 te,
1164 692 1214 716 ne
1232 679 1376 717 faceres
1391 678 1495 717 idem

166 745 274 793 quod
295 744 434 793 uolgus
455 745 657 781 seruorum
678 743 791 789 solet,
811 743 911 781 dolis
932 749 974 780 ut
995 755 1058 780 me
1079 744 1284 781 deluderes

130 808 371 858 5propte'rea
409 809 517 858 quod
556 815 661 846 amat
699 807 812 845 filius.
889 809 986 845 DA.
1019 820 1120 857 egon
1158 808 1257 846 istuc
1299 809 1497 847 facerem?

381 874 447 911 SI.
478 872 641 919 credidi,

166 937 285 987 idque
315 937 415 976 {ideo
445 945 624 975 metuens
654 938 725 976 uos
760 936 885 975 celaui
914 937 1022 987 quod
1057 950 1163 975 nunc
1198 937 1338 976 dicam.
1396 940 1493 977 DA.
1517 942 1579 986 585

381 1003 506 1052 quid?
563 1003 628 1040 Sl.
660 1001 783 1049 scies;

165 1082 256 1106 nam
287 1068 576 1119 propemodum
606 1067 735 1105 habeo
766 1064 870 1118 [tibi]
905 1066 981 1104 izim
1018 1068 1147 1105 fidem.
1206 1070 1302 1106 DA.
1335 1069 1494 1107 tandem

381 1132 559 1183 cognosti
580 1133 647 1182 qui
667 1131 796 1170 siem?

166 1201 230 1237 Sl
264 1212 344 1237 non
365 1200 516 1237 fuerant
533 1197 692 1247 nuptiae
714 1198 874 1235 futurae.
916 1199 1013 1235 DA.
1036 1199 1161 1247 quid?
1191 1201 1300 1236 non?
1339 1200 1403 1237 Sl.
1427 1201 1495 1237 sed

381 1277 425 1302 ea
445 1263 566 1313 greitia

167 1328 358 1377 simuidui,
391 1341 462 1366 uos
492 1335 533 1366 ut
564 1327 877 1378 pertemptarem.
940 1329 1037 1365 DA.
1070 1328 1165 1377 quid
1195 1329 1280 1366 ais?
1345 1330 1409 1367 Sl.
1442 1330 1496 1368 sic

383 1407 441 1432 res
463 1392 531 1431 est.
589 1394 686 1430 DA.
718 1392 832 1431 uide:

112 1473 149 1495 10
168 1472 385 1509 numquam
410 1460 508 1496 istuc
534 1457 642 1507 quiui
671 1470 742 1507 ego
770 1458 1002 1507 intellegere.
1062 1457 1138 1495 uzih
1164 1457 1370 1496 consilium
1396 1459 1497 1497 ceilli-

383 1524 477 1561 dum
497 1526 502 1561 ἕ

167 1590 232 1627 Sl.
264 1590 340 1626 hoc
361 1587 452 1626 audi
470 1603 476 1626 ε
508 1596 549 1625 ut
567 1587 658 1625 hinc
680 1595 717 1626 te
739 1586 910 1625 introire
931 1586 1039 1633 iussi,
1054 1587 1275 1637 opportune
1295 1588 1358 1626 hic
1380 1589 1422 1627 fit
1443 1588 1496 1626 mi
1516 1599 1583 1636 590

383 1652 554 1691 obuiam.
613 1654 708 1690 DA.
743 1653 844 1699 hem,

167 1732 263 1757 num
290 1718 381 1756 nitm
412 1717 614 1768 perimus?
669 1718 734 1755 Sl.
767 1717 879 1754 nzirro
909 1716 1001 1755 huic
1030 1729 1131 1766 quae
1158 1726 1198 1755 tu
1234 1719 1385 1756 dudum
1416 1732 1497 1756 nar-

382 1784 472 1822 rasti
494 1782 601 1821 mihi.

166 1851 264 1888 DA.
296 1849 392 1899 quid
419 1861 510 1886 nam
538 1848 687 1886 audio?
744 1849 810 1886 SI.
842 1856 1000 1898 gnatam
1029 1850 1069 1885 ut
1090 1848 1156 1886 det
1184 1860 1264 1895 om,
1287 1849 1430 1898 uixque
1457 1848 1496 1887 id

383 1927 511 1952 exoro.
570 1915 667 1951 DA.
700 1913 839 1952 occidi.
899 1914 964 1951 SI.
995 1913 1102 1960 hem,

168 1980 264 2031 quid
280 1979 404 2019 dixti?
461 1981 557 2017 DA.
578 1979 718 2017 dixti?
745 1986 908 2028 optume
924 1979 1084 2028 inquam
1101 1980 1259 2017 factum.
1305 1980 1370 2018 SI.
1393 1982 1497 2017 minc

383 2058 451 2095 per
471 2046 577 2083 hunc
598 2046 740 2082 nullust
762 2057 882 2083 mora.

113 2130 148 2162 15
174 2113 262 2151 CH.
294 2113 457 2150 domum
488 2111 608 2149 modo
636 2110 718 2158 ibo,
738 2118 779 2148 ut
807 2111 1015 2160 &idparetur
1041 2111 1185 2158 dicam.
1204 2118 1322 2161 atque
1350 2112 1426 2148 huc
1447 2124 1499 2148 re-

384 2175 533 2214 nuntio.

213 2291 276 2321 579
299 2281 468 2312 Fan-nus:
504 2282 623 2313 audies
640 2281 741 2312 uerba
758 2284 782 2312 Σ
881 2281 941 2319 581
969 2285 1004 2311 tu
1022 2279 1112 2311 illum
1130 2279 1396 2311 additamentum
1413 2280 1504 2320 qnod

169 2337 208 2356 ex
224 2325 335 2356 notula
352 2325 385 2355 in
403 2329 526 2355 textum
546 2326 670 2364 irrepsit
685 2324 811 2356 seclusit
827 2323 958 2363 Bentley
1064 2325 1128 2362 586
1152 2324 1208 2355 tibi
1226 2324 1354 2355 seclusi!
1370 2324 1500 2364 Bentley

171 2380 233 2409 593
257 2370 342 2400 dixti
361 2373 402 2401 Σε
429 2369 542 2400 dixisti
560 2369 629 2400 edd.
650 2372 717 2400 cml.
737 2380 743 2399 :
768 2368 852 2399 dixti
870 2367 1009 2399 allerum
1026 2367 1140 2398 addidi
1151 2378 1209 2408 ego
1357 2378 1417 2406 594
1443 2368 1498 2398 ad-

172 2418 309 2453 paretur
328 2413 429 2452 Guyet
445 2425 450 2443 z
477 2413 685 2452 adparentux·
702 2415 726 2444 Σ
