1773 2750
784 132 1018 171 HECYRA
1474 134 1549 171 III.
1572 144 1601 170 v

238 254 398 303 quand6
420 267 492 292 nec
511 259 651 304 gnatus
671 252 799 303 neque
820 253 883 291 hic
905 253 957 291 mi
978 253 1189 303 quicquam
1211 252 1496 304 obtemperant,

238 331 339 368 quae
359 320 449 357 dico
470 317 578 368 parui
598 317 788 367 pendunt.
847 325 960 368 porto
981 319 1057 356 hoe
1078 317 1244 368 iurgium

237 384 287 420 ad
309 384 479 429 uxorem,
501 381 641 432 quoius
662 382 759 420 haec
779 383 878 419 fiunt
899 382 1064 420 consilio
1085 381 1231 429 omnia,

153 459 216 497 515
237 454 355 497 atque
376 447 414 485 in
435 459 521 485 eam
543 447 618 484 hoc
639 458 758 484 omne
778 445 886 496 quod
908 445 1003 484 mihi
1023 453 1173 496 aegrest
1194 444 1388 485 euomam.
1575 458 1616 498 65

544 706 817 742 MYRRINA
928 706 1244 742 PHIDIPPVS
1574 703 1588 739 i

234 787 293 824 M
298 787 336 824 Y.
369 784 480 832 Perii,
503 785 598 835 quid
624 787 769 836 agam?
807 786 886 836 quo
916 798 979 824 me
1009 787 1190 823 uortam?
1228 786 1324 835 quid
1353 785 1438 824 uiro
1467 799 1557 824 meo

449 849 699 900 respondebo

234 916 402 954 misera?
431 928 522 952 nam
543 914 742 953 audiuisse
763 928 903 953 uocem
924 915 1033 965 pueri
1054 915 1177 953 uisust
1197 914 1411 965 uagientis:

234 980 285 1017 ita
305 978 489 1029 corripuit
510 979 722 1029 derepente
742 979 882 1017 tacitus
903 992 987 1018 sese
1007 981 1057 1018 ad
1078 979 1210 1018 filiam.

233 1044 342 1094 qu6d
375 1043 406 1081 si
438 1043 607 1082 rescierit
645 1043 841 1093 peperisse
875 1057 975 1091 eam,
1010 1045 1049 1082 id
1083 1057 1161 1094 qua
1198 1057 1315 1082 causa
1352 1045 1452 1082 clam
1492 1057 1555 1082 me

448 1107 631 1146 habuisse

147 1185 214 1221 520
231 1174 360 1211 dicam
381 1185 461 1211 non
483 1172 624 1222 edepol
644 1171 736 1210 scio.
1575 1189 1592 1219 5

231 1238 300 1276 sed
317 1237 459 1276 ostium
476 1237 715 1288 concrepuit.
759 1238 878 1277 credo
894 1237 1022 1288 ipsum
1037 1237 1138 1277 exire
1151 1240 1201 1278 ad
1216 1253 1278 1277 me
1295 1255 1301 1278 :
1332 1241 1439 1278 nulla
1454 1252 1552 1278 sum.

230 1304 323 1340 ΡΗ
356 1305 451 1341 uxor
472 1302 539 1341 ubi
562 1316 624 1341 me
643 1304 694 1341 ad
716 1303 836 1341 filiam
857 1303 911 1341 ire
931 1303 1065 1351 se'nsit,
1086 1316 1127 1342 se
1146 1305 1280 1342 eduxit
1301 1305 1424 1342 foras:

229 1375 348 1418 atque
377 1369 535 1406 eccam:
566 1368 694 1406 uideo.
754 1369 850 1418 quid
879 1372 946 1414 ais,
978 1368 1180 1418 Myrrina?
1222 1369 1319 1407 heris
1349 1369 1419 1407 tibi
1449 1370 1550 1408 dico.

444 1434 503 1471 Μ
509 1434 547 1471 Υ.
580 1432 738 1480 mihine,
763 1432 815 1471 mi
837 1432 924 1471 uir?

229 1498 322 1536 PH.
354 1499 412 1536 uir
431 1511 504 1548 ego
526 1505 613 1536 tuos
633 1497 706 1536 sim
723 1499 740 1536 ?
768 1500 837 1536 trin
854 1497 980 1536 uirum
998 1511 1062 1536 me
1079 1505 1147 1536 aut
1169 1497 1369 1537 hominem
1386 1500 1552 1549 deputas

442 1564 543 1601 adeo
564 1564 678 1601 esse?

145 1639 208 1676 525
230 1626 320 1665 nam
341 1626 372 1665 si
393 1627 584 1666 utrumuis
605 1628 756 1674 horum,
781 1627 931 1675 mulier,
952 1629 1140 1677 umquam
1162 1627 1231 1665 tibi
1253 1628 1359 1666 uisus
1379 1629 1513 1676 forem,
1573 1645 1612 1667 10

229 1692 308 1729 non
338 1691 393 1730 sie
423 1692 592 1731 ludibrio
616 1692 692 1730 tuis
721 1692 832 1730 factis
861 1691 1018 1730 habitus
1049 1705 1186 1730 essem.
1245 1693 1304 1729 Μ
1310 1693 1348 1730 Κ
1379 1693 1552 1742 quibus?

442 1758 535 1795 PH.
566 1763 606 1795 at
626 1756 801 1807 rogitas?

229 1819 377 1870 peperit
412 1821 514 1860 filia:
558 1820 660 1869 he'm,
694 1822 833 1860 taces?
874 1834 920 1859 ex
951 1821 1061 1871 quo?
1097 1826 1103 1833 “
1133 1821 1192 1858 Μ
1197 1821 1236 1860 Y.
1267 1828 1415 1871 patrem
1451 1821 1550 1861 istuc

442 1886 606 1936 rogitare
625 1886 863 1936 aequomst?

227 1950 322 2000 perii
344 1954 350 1989 ἕ
380 1965 426 1990 ex
446 1964 526 2001 quo
545 1951 619 1989 nisi
649 1964 695 1990 ex
718 1951 785 1989 illo
811 1963 947 1989 censes
972 1951 1067 2000 quoi
1092 1951 1219 1990 datast
1245 1958 1412 2001 nuptum
1439 1951 1549 1990 obse-

442 2029 508 2055 cro
523 2018 541 2054 ?

226 2083 319 2120 ΡΗ
362 2081 504 2121 credo:
548 2094 677 2131 neque
715 2082 816 2120 adeo
854 2080 1028 2119 arbitrari
1062 2080 1180 2131 patris
1209 2088 1267 2119 est
1299 2080 1419 2120 aliter.
1479 2081 1547 2120 se'd

440 2145 611 2185 demiror

271 2260 333 2288 522
358 2250 474 2280 eduxit
499 2249 649 2289 Bentley:
684 2249 776 2280 duxit
802 2248 889 2281 codd.
1026 2258 1088 2288 524
1112 2249 1175 2279 sim
1200 2249 1259 2279 A:
1283 2259 1356 2279 sum
1377 2252 1400 2281 Σ
1488 2254 1546 2280 tun

227 2291 349 2324 Donat.
367 2294 399 2323 in
416 2293 526 2325 lemm.
546 2305 552 2324 :
576 2298 656 2323 tune
675 2292 848 2323 CDEFP:
872 2297 907 2323 tu
924 2292 956 2322 A
973 2303 1047 2322 cum
1066 2295 1130 2323 cett.
1264 2302 1326 2331 527
1351 2292 1546 2324 Fleckeisen:

228 2336 312 2367 istuc
338 2341 465 2375 patrem
494 2346 613 2375 rogare
641 2337 805 2375 (rogitare
831 2335 980 2373 BCF1P)
1009 2340 1059 2365 est
1091 2345 1231 2374 aequom
1265 2334 1351 2367 codd.
1484 2337 1548 2375 528

228 2379 399 2410 Fleckeisen
414 2392 419 2410 :
445 2389 564 2410 censes
579 2380 642 2410 nisi
660 2390 702 2409 ex
717 2380 772 2410 illo
807 2380 869 2410 nisi
888 2379 942 2409 illo
960 2378 1009 2419 F)
1027 2378 1116 2409 codd.
