1773 2750
735 113 1038 151 EVNVCHVS

228 223 383 273 parasiti
403 236 608 273 personam
632 222 723 260 inde
742 221 911 260 ablatam
933 230 970 260 et
991 222 1132 260 militis.

228 287 259 324 si
280 287 319 326 id
340 287 397 326 est
417 293 633 337 peccatum,
656 285 861 336 peccatum
883 285 1168 335 inprudentiast

227 353 381 400 poetae,
401 364 481 389 non
502 363 581 400 quo
601 351 745 388 ftirtum
766 350 892 388 facere
912 350 1112 388 sttiduerit.

227 414 267 453 id
287 414 339 453 ita
359 414 443 454 esse
464 428 534 453 uos
554 414 631 452 iam
652 413 824 453 iddicare
844 414 1028 465 poteritis.

163 489 209 523 30
227 479 350 518 Colax
372 478 618 518 Menandrist
635 494 641 517 :
672 479 712 517 1'n
732 486 814 517 east
834 478 1023 529 parasittis
1045 480 1169 519 Colax

225 550 263 581 et
283 545 393 581 miles
413 543 602 593 gloriosus
619 558 625 580 :
656 555 720 581 eas
743 556 784 581 se
804 544 865 580 bic
881 544 960 581 non
982 551 1097 592 negat

224 607 410 656 personas
430 607 670 645 transtulisse
690 606 730 644 in
753 608 990 645 Eunuchtim
1011 620 1121 645 suam

224 683 271 708 ex
291 670 440 709 Grae'ca
455 685 464 718 3
493 671 562 709 sed
583 683 628 709 ea
648 684 694 709 ex
714 670 845 708 fzibula
864 671 983 708 factzis
1004 671 1109 720 prius

226 736 383 773 Latinas
404 735 522 773 scisse
543 733 638 782 sese,
661 734 701 773 id
722 748 815 773 uero
834 734 1030 785 pernegat.

161 812 204 849 35
224 799 331 848 quod
352 800 384 837 si
403 798 578 849 personis
599 799 724 837 isdem
745 798 836 837 huic
857 798 912 836 uti
932 799 1013 838 non
1033 799 1122 838 licet
1140 815 1146 838 z

223 862 291 912 qui
311 862 431 913 maigis
452 863 542 901 licet
563 862 782 901 currentem
802 876 955 901 seruom
977 863 1155 910 scribere,

223 927 347 965 boneis
368 935 564 966 matronas
585 927 722 974 fdcere,
745 926 965 966 meretrice's
986 929 1117 974 malas,

223 993 433 1040 parasitum
454 992 628 1038 edacem,
650 991 861 1041 gloriosum
882 991 1056 1038 militem,

223 1057 387 1105 puenim
408 1055 587 1105 supponi,
610 1055 688 1093 falli
709 1069 777 1106 per
797 1056 950 1094 seruom
972 1069 1116 1102 senem,

156 1134 202 1166 40
222 1119 362 1166 amdre,
385 1119 525 1166 odisse,
549 1119 765 1169 sfispicari?
794 1119 965 1169 denique

222 1185 409 1222 nulhimst
430 1183 506 1221 iam
528 1183 677 1221 dictum
699 1184 807 1233 quod
827 1197 908 1222 non
928 1184 975 1222 sit
996 1184 1145 1223 dicuin]
1167 1184 1281 1234 prius.

222 1260 300 1298 qua
319 1261 358 1286 re
378 1247 585 1297 aequomst
606 1261 676 1286 uos
697 1249 934 1298 cognoscere
953 1256 1071 1298 atque
1091 1248 1302 1299 ignoscere,

222 1325 323 1362 quae
343 1310 493 1350 ueteres
514 1311 736 1350 factitzirunt
756 1311 787 1349 si
807 1312 954 1350 faciant
974 1312 1078 1350 noui.

222 1377 313 1414 date
333 1377 503 1426 operam,
526 1389 616 1413 cum
637 1375 791 1414 silentio
811 1375 986 1414 animum
1006 1375 1207 1423 attendite,

159 1450 201 1486 45
222 1447 264 1478 ut
284 1439 523 1490 pernoscatis
545 1441 639 1489 quid
660 1439 734 1477 sibi
756 1440 972 1478 Eunuchfis
993 1440 1096 1478 uelit.

263 1553 302 1582 31
329 1543 383 1574 hic
400 1542 477 1574 add.
496 1542 669 1573 Fleckeisen
815 1552 857 1582 33
881 1553 921 1574 ea
939 1553 980 1574 ex
999 1542 1107 1574 sabula
1124 1543 1317 1576 Fleckeisen:
1342 1555 1400 1576 eas
1417 1546 1543 1578 fabulas

221 1585 310 1618 codd.
327 1597 333 1619 :
359 1596 417 1618 eas
434 1586 476 1617 ab
492 1585 565 1617 aliis
584 1585 709 1617 Ritsclzl

1564 1137 1606 1167 40

1562 1458 1602 1489 45
