<?xml version="1.0" encoding="UTF-8"?>
<!DOCTYPE html PUBLIC "-//W3C//DTD XHTML 1.0 Transitional//EN"
    "http://www.w3.org/TR/xhtml1/DTD/xhtml1-transitional.dtd">
<html xmlns="http://www.w3.org/1999/xhtml" xml:lang="en" lang="en">
 <head>
  <title>
</title>
<meta http-equiv="Content-Type" content="text/html;charset=utf-8" />
  <meta name='ocr-system' content='tesseract 3.04.00' />
  <meta name='ocr-capabilities' content='ocr_page ocr_carea ocr_par ocr_line ocrx_word'/>
</head>
<body>
  <div class='ocr_page' id='page_1' title='image "./comoediaerecogno00tereuoft_0026.png"; bbox 0 0 1773 2750; ppageno 0'>
   <div class='ocr_carea' id='block_1_1' title="bbox 143 129 1112 168">
    <p class='ocr_par' dir='ltr' id='par_1_1' title="bbox 143 129 1112 168">
     <span class='ocr_line' id='line_1_1' title="bbox 143 129 1112 168; baseline -0.001 -1"><span class='ocrx_word' id='word_1_1' title='bbox 143 131 210 168; x_wconf 75' lang='lat' dir='ltr'>Li</span> <span class='ocrx_word' id='word_1_2' title='bbox 624 131 662 167; x_wconf 89' lang='lat' dir='ltr'>P.</span> <span class='ocrx_word' id='word_1_3' title='bbox 695 130 948 168; x_wconf 84' lang='lat' dir='ltr'>TERENTI</span> <span class='ocrx_word' id='word_1_4' title='bbox 979 129 1112 167; x_wconf 77' lang='lat' dir='ltr'><strong>AFRI</strong></span> 
     </span>
    </p>
   </div>
   <div class='ocr_carea' id='block_1_2' title="bbox 137 238 1625 2171">
    <p class='ocr_par' dir='ltr' id='par_1_2' title="bbox 137 238 1625 2171">
     <span class='ocr_line' id='line_1_2' title="bbox 199 238 1167 278; baseline 0.002 -2"><span class='ocrx_word' id='word_1_5' title='bbox 199 239 341 278; x_wconf 74' lang='lat' dir='ltr'>habet.²</span> <span class='ocrx_word' id='word_1_6' title='bbox 399 239 659 278; x_wconf 76' lang='lat' dir='ltr'>obseruabam</span> <span class='ocrx_word' id='word_1_7' title='bbox 682 238 796 277; x_wconf 63' lang='lat' dir='ltr'>maine</span> <span class='ocrx_word' id='word_1_8' title='bbox 818 238 971 277; x_wconf 88' lang='lat' dir='ltr'>illorum</span> <span class='ocrx_word' id='word_1_9' title='bbox 993 240 1167 278; x_wconf 71' lang='lat' dir='ltr'>seruolos</span> 
     </span>
     <span class='ocr_line' id='line_1_3' title="bbox 199 303 1222 355; baseline 0 -13"><span class='ocrx_word' id='word_1_10' title='bbox 199 303 393 343; x_wconf 75' lang='lat' dir='ltr'>uenientis</span> <span class='ocrx_word' id='word_1_11' title='bbox 413 311 480 343; x_wconf 80' lang='lat' dir='ltr'>aut</span> <span class='ocrx_word' id='word_1_12' title='bbox 499 303 681 343; x_wconf 64' lang='lat' dir='ltr'>abeuntis</span> <span class='ocrx_word' id='word_1_13' title='bbox 698 319 705 342; x_wconf 76' lang='lat' dir='ltr'>t</span> <span class='ocrx_word' id='word_1_14' title='bbox 735 303 950 354; x_wconf 81' lang='lat' dir='ltr'>rogitabam</span> <span class='ocrx_word' id='word_1_15' title='bbox 975 305 1095 343; x_wconf 62' lang='lat' dir='ltr'>‘heris</span> <span class='ocrx_word' id='word_1_16' title='bbox 1115 318 1222 355; x_wconf 80' lang='lat' dir='ltr'>puer,</span> 
     </span>
     <span class='ocr_line' id='line_1_4' title="bbox 198 358 1592 422; baseline -0.001 -15"><span class='ocrx_word' id='word_1_17' title='bbox 198 368 262 407; x_wconf 87' lang='lat' dir='ltr'>dic</span> <span class='ocrx_word' id='word_1_18' title='bbox 283 369 409 416; x_wconf 80' lang='lat' dir='ltr'>sodes,</span> <span class='ocrx_word' id='word_1_19' title='bbox 433 368 520 419; x_wconf 89' lang='lat' dir='ltr'>quis</span> <span class='ocrx_word' id='word_1_20' title='bbox 541 368 622 407; x_wconf 90' lang='lat' dir='ltr'>heri</span> <span class='ocrx_word' id='word_1_21' title='bbox 645 368 879 419; x_wconf 68' lang='lat' dir='ltr'>Chrysidem</span> <span class='ocrx_word' id='word_1_22' title='bbox 902 368 1089 407; x_wconf 86' lang='lat' dir='ltr'>habuit?⁷</span> <span class='ocrx_word' id='word_1_23' title='bbox 1119 382 1209 407; x_wconf 87' lang='lat' dir='ltr'>nam</span> <span class='ocrx_word' id='word_1_24' title='bbox 1232 358 1405 408; x_wconf 66' lang='lat' dir='ltr'>Andriae</span> <span class='ocrx_word' id='word_1_25' title='bbox 1551 377 1592 422; x_wconf 85' lang='lat'>85</span> 
     </span>
     <span class='ocr_line' id='line_1_5' title="bbox 199 432 1530 473; baseline 0 -2"><span class='ocrx_word' id='word_1_26' title='bbox 199 433 253 471; x_wconf 88' lang='lat' dir='ltr'>illi</span> <span class='ocrx_word' id='word_1_27' title='bbox 274 434 313 472; x_wconf 90' lang='lat' dir='ltr'>id</span> <span class='ocrx_word' id='word_1_28' title='bbox 334 440 415 472; x_wconf 85' lang='lat' dir='ltr'>erat</span> <span class='ocrx_word' id='word_1_29' title='bbox 435 446 594 472; x_wconf 90' lang='lat' dir='ltr'>nomen.</span> <span class='ocrx_word' id='word_1_30' title='bbox 654 434 734 472; x_wconf 83' lang='lat' dir='ltr'>SO.</span> <span class='ocrx_word' id='word_1_31' title='bbox 757 434 885 472; x_wconf 78' lang='lat' dir='ltr'>teneo.</span> <span class='ocrx_word' id='word_1_32' title='bbox 940 434 1006 472; x_wconf 81' lang='lat' dir='ltr'>SI.</span> <span class='ocrx_word' id='word_1_33' title='bbox 1029 434 1252 472; x_wconf 82' lang='lat' dir='ltr'>Phaedrum</span> <span class='ocrx_word' id='word_1_34' title='bbox 1272 441 1340 472; x_wconf 82' lang='lat' dir='ltr'>aut</span> <span class='ocrx_word' id='word_1_35' title='bbox 1361 432 1530 473; x_wconf 78' lang='lat' dir='ltr'>Cliniam</span> 
     </span>
     <span class='ocr_line' id='line_1_6' title="bbox 137 494 1305 549; baseline 0 -14"><span class='ocrx_word' id='word_1_36' title='bbox 137 503 179 535; x_wconf 90' lang='lat'>60</span> <span class='ocrx_word' id='word_1_37' title='bbox 200 497 386 538; x_wconf 72' lang='lat' dir='ltr'>dicebant</span> <span class='ocrx_word' id='word_1_38' title='bbox 406 504 472 536; x_wconf 87' lang='lat' dir='ltr'>aut</span> <span class='ocrx_word' id='word_1_39' title='bbox 493 497 722 536; x_wconf 73' lang='lat' dir='ltr'>Niceratum</span> <span class='ocrx_word' id='word_1_40' title='bbox 739 511 749 544; x_wconf 78' lang='lat'><em>3</em></span> <span class='ocrx_word' id='word_1_41' title='bbox 780 494 905 549; x_wconf 82' lang='lat' dir='ltr'>[nam]</span> <span class='ocrx_word' id='word_1_42' title='bbox 927 496 967 534; x_wconf 87' lang='lat' dir='ltr'>hi</span> <span class='ocrx_word' id='word_1_43' title='bbox 988 504 1064 536; x_wconf 86' lang='lat' dir='ltr'>tres</span> <span class='ocrx_word' id='word_1_44' title='bbox 1086 500 1168 535; x_wconf 75' lang='lat' dir='ltr'>tum</span> <span class='ocrx_word' id='word_1_45' title='bbox 1190 497 1305 536; x_wconf 87' lang='lat' dir='ltr'>simul</span> 
     </span>
     <span class='ocr_line' id='line_1_7' title="bbox 198 561 1428 612; baseline -0.001 -11"><span class='ocrx_word' id='word_1_46' title='bbox 198 563 395 601; x_wconf 71' lang='lat' dir='ltr'>amzibant.</span> <span class='ocrx_word' id='word_1_47' title='bbox 454 563 464 582; x_wconf 76' lang='lat'><em>‘</em></span> <span class='ocrx_word' id='word_1_48' title='bbox 479 563 566 609; x_wconf 87' lang='lat' dir='ltr'>eho,</span> <span class='ocrx_word' id='word_1_49' title='bbox 589 561 685 612; x_wconf 89' lang='lat' dir='ltr'>quid</span> <span class='ocrx_word' id='word_1_50' title='bbox 707 561 986 612; x_wconf 50' lang='lat' dir='ltr'>Pamphilus?</span> <span class='ocrx_word' id='word_1_51' title='bbox 1019 565 1040 581; x_wconf 92' lang='lat'><strong>“</strong></span> <span class='ocrx_word' id='word_1_52' title='bbox 1055 561 1181 611; x_wconf 86' lang='lat' dir='ltr'>quid?</span> <span class='ocrx_word' id='word_1_53' title='bbox 1209 562 1428 612; x_wconf 70' lang='lat' dir='ltr'>symbolam</span> 
     </span>
     <span class='ocr_line' id='line_1_8' title="bbox 199 625 1157 676; baseline -0.002 -11"><span class='ocrx_word' id='word_1_54' title='bbox 199 627 319 674; x_wconf 85' lang='lat' dir='ltr'>dedit,</span> <span class='ocrx_word' id='word_1_55' title='bbox 343 625 534 665; x_wconf 79' lang='lat' dir='ltr'>cenauit.&#39;&#39;</span> <span class='ocrx_word' id='word_1_56' title='bbox 590 626 825 676; x_wconf 78' lang='lat' dir='ltr'>gaudebam.</span> <span class='ocrx_word' id='word_1_57' title='bbox 881 625 974 664; x_wconf 88' lang='lat' dir='ltr'>item</span> <span class='ocrx_word' id='word_1_58' title='bbox 995 625 1072 664; x_wconf 76' lang='lat' dir='ltr'>alio</span> <span class='ocrx_word' id='word_1_59' title='bbox 1092 625 1157 664; x_wconf 89' lang='lat' dir='ltr'>die</span> 
     </span>
     <span class='ocr_line' id='line_1_9' title="bbox 199 689 1599 743; baseline -0.002 -13"><span class='ocrx_word' id='word_1_60' title='bbox 199 691 460 742; x_wconf 79' lang='lat' dir='ltr'>quaerebam:</span> <span class='ocrx_word' id='word_1_61' title='bbox 491 691 759 741; x_wconf 84' lang='lat' dir='ltr'>comperibam</span> <span class='ocrx_word' id='word_1_62' title='bbox 781 690 834 728; x_wconf 92' lang='lat' dir='ltr'>nil</span> <span class='ocrx_word' id='word_1_63' title='bbox 855 691 906 729; x_wconf 85' lang='lat' dir='ltr'>ad</span> <span class='ocrx_word' id='word_1_64' title='bbox 928 689 1179 740; x_wconf 52' lang='lat' dir='ltr'>Pamphilum</span> <span class='ocrx_word' id='word_1_65' title='bbox 1552 709 1599 743; x_wconf 89' lang='lat'>90</span> 
     </span>
     <span class='ocr_line' id='line_1_10' title="bbox 199 755 1240 807; baseline -0.002 -12"><span class='ocrx_word' id='word_1_66' title='bbox 199 756 412 807; x_wconf 83' lang='lat' dir='ltr'>quicquam</span> <span class='ocrx_word' id='word_1_67' title='bbox 433 755 606 794; x_wconf 64' lang='lat' dir='ltr'>sittinere.</span> <span class='ocrx_word' id='word_1_68' title='bbox 667 755 770 794; x_wconf 87' lang='lat' dir='ltr'>enim</span> <span class='ocrx_word' id='word_1_69' title='bbox 793 757 887 794; x_wconf 76' lang='lat' dir='ltr'>uero</span> <span class='ocrx_word' id='word_1_70' title='bbox 908 758 1126 806; x_wconf 74' lang='lat' dir='ltr'>spectatum</span> <span class='ocrx_word' id='word_1_71' title='bbox 1148 755 1240 794; x_wconf 86' lang='lat' dir='ltr'>satis</span> 
     </span>
     <span class='ocr_line' id='line_1_11' title="bbox 139 819 1214 871; baseline 0.001 -14"><span class='ocrx_word' id='word_1_72' title='bbox 139 825 179 867; x_wconf 86' lang='lat'>65</span> <span class='ocrx_word' id='word_1_73' title='bbox 199 821 387 871; x_wconf 67' lang='lat' dir='ltr'>putzibam</span> <span class='ocrx_word' id='word_1_74' title='bbox 409 827 447 859; x_wconf 87' lang='lat' dir='ltr'>et</span> <span class='ocrx_word' id='word_1_75' title='bbox 469 833 655 870; x_wconf 81' lang='lat' dir='ltr'>magnum</span> <span class='ocrx_word' id='word_1_76' title='bbox 676 819 899 870; x_wconf 72' lang='lat' dir='ltr'>exemplum</span> <span class='ocrx_word' id='word_1_77' title='bbox 922 819 1214 868; x_wconf 74' lang='lat' dir='ltr'>continentiae3</span> 
     </span>
     <span class='ocr_line' id='line_1_12' title="bbox 201 884 1179 935; baseline 0 -12"><span class='ocrx_word' id='word_1_78' title='bbox 201 899 292 923; x_wconf 80' lang='lat' dir='ltr'>nam</span> <span class='ocrx_word' id='word_1_79' title='bbox 314 886 382 935; x_wconf 88' lang='lat' dir='ltr'>qui</span> <span class='ocrx_word' id='word_1_80' title='bbox 402 898 492 923; x_wconf 85' lang='lat' dir='ltr'>cum</span> <span class='ocrx_word' id='word_1_81' title='bbox 514 884 679 935; x_wconf 83' lang='lat' dir='ltr'>ingeniis</span> <span class='ocrx_word' id='word_1_82' title='bbox 700 885 947 924; x_wconf 79' lang='lat' dir='ltr'>conflictatur</span> <span class='ocrx_word' id='word_1_83' title='bbox 968 886 1050 924; x_wconf 87' lang='lat' dir='ltr'>eius</span> <span class='ocrx_word' id='word_1_84' title='bbox 1071 884 1179 923; x_wconf 88' lang='lat' dir='ltr'>modi</span> 
     </span>
     <span class='ocr_line' id='line_1_13' title="bbox 201 949 1150 1000; baseline -0.002 -11"><span class='ocrx_word' id='word_1_85' title='bbox 201 964 330 1000; x_wconf 86' lang='lat' dir='ltr'>neque</span> <span class='ocrx_word' id='word_1_86' title='bbox 352 951 626 989; x_wconf 79' lang='lat' dir='ltr'>cdmmouetur</span> <span class='ocrx_word' id='word_1_87' title='bbox 645 949 799 988; x_wconf 72' lang='lat' dir='ltr'>zinimus</span> <span class='ocrx_word' id='word_1_88' title='bbox 821 949 860 988; x_wconf 89' lang='lat' dir='ltr'>in</span> <span class='ocrx_word' id='word_1_89' title='bbox 882 963 926 988; x_wconf 83' lang='lat' dir='ltr'>ea</span> <span class='ocrx_word' id='word_1_90' title='bbox 947 950 986 988; x_wconf 84' lang='lat' dir='ltr'>re&#39;</span> <span class='ocrx_word' id='word_1_91' title='bbox 1007 956 1150 996; x_wconf 83' lang='lat' dir='ltr'>tamen,</span> 
     </span>
     <span class='ocr_line' id='line_1_14' title="bbox 201 1014 1596 1067; baseline -0.001 -13"><span class='ocrx_word' id='word_1_92' title='bbox 201 1015 300 1054; x_wconf 79' lang='lat' dir='ltr'>scias</span> <span class='ocrx_word' id='word_1_93' title='bbox 321 1016 436 1066; x_wconf 79' lang='lat' dir='ltr'>posse</span> <span class='ocrx_word' id='word_1_94' title='bbox 458 1015 602 1054; x_wconf 87' lang='lat' dir='ltr'>habere</span> <span class='ocrx_word' id='word_1_95' title='bbox 623 1014 700 1053; x_wconf 81' lang='lat' dir='ltr'>iam</span> <span class='ocrx_word' id='word_1_96' title='bbox 722 1016 849 1065; x_wconf 84' lang='lat' dir='ltr'>ipsum</span> <span class='ocrx_word' id='word_1_97' title='bbox 872 1028 964 1053; x_wconf 83' lang='lat' dir='ltr'>suae</span> <span class='ocrx_word' id='word_1_98' title='bbox 985 1014 1088 1052; x_wconf 72' lang='lat' dir='ltr'>uitae</span> <span class='ocrx_word' id='word_1_99' title='bbox 1110 1015 1285 1053; x_wconf 88' lang='lat' dir='ltr'>modum.</span> <span class='ocrx_word' id='word_1_100' title='bbox 1554 1030 1596 1067; x_wconf 85' lang='lat'>95</span> 
     </span>
     <span class='ocr_line' id='line_1_15' title="bbox 202 1079 1310 1130; baseline -0.002 -11"><span class='ocrx_word' id='word_1_101' title='bbox 202 1093 323 1130; x_wconf 86' lang='lat' dir='ltr'>quom</span> <span class='ocrx_word' id='word_1_102' title='bbox 345 1080 385 1118; x_wconf 93' lang='lat' dir='ltr'>id</span> <span class='ocrx_word' id='word_1_103' title='bbox 406 1079 502 1118; x_wconf 86' lang='lat' dir='ltr'>mihi</span> <span class='ocrx_word' id='word_1_104' title='bbox 523 1080 703 1130; x_wconf 72' lang='lat' dir='ltr'>placebat</span> <span class='ocrx_word' id='word_1_105' title='bbox 725 1086 807 1118; x_wconf 88' lang='lat' dir='ltr'>tum</span> <span class='ocrx_word' id='word_1_106' title='bbox 830 1082 909 1118; x_wconf 66' lang='lat' dir='ltr'>tino</span> <span class='ocrx_word' id='word_1_107' title='bbox 930 1093 996 1118; x_wconf 82' lang='lat' dir='ltr'>ore</span> <span class='ocrx_word' id='word_1_108' title='bbox 1017 1092 1155 1118; x_wconf 82' lang='lat' dir='ltr'>omnes</span> <span class='ocrx_word' id='word_1_109' title='bbox 1177 1079 1310 1118; x_wconf 76' lang='lat' dir='ltr'>omnia</span> 
     </span>
     <span class='ocr_line' id='line_1_16' title="bbox 143 1145 1030 1191; baseline -0.002 -7"><span class='ocrx_word' id='word_1_110' title='bbox 143 1156 183 1190; x_wconf 85' lang='lat'>70</span> <span class='ocrx_word' id='word_1_111' title='bbox 203 1146 308 1184; x_wconf 81' lang='lat' dir='ltr'>bona</span> <span class='ocrx_word' id='word_1_112' title='bbox 328 1146 457 1184; x_wconf 78' lang='lat' dir='ltr'>dicere</span> <span class='ocrx_word' id='word_1_113' title='bbox 479 1152 516 1184; x_wconf 89' lang='lat' dir='ltr'>et</span> <span class='ocrx_word' id='word_1_114' title='bbox 537 1145 695 1184; x_wconf 63' lang='lat' dir='ltr'>laudzire</span> <span class='ocrx_word' id='word_1_115' title='bbox 716 1146 891 1183; x_wconf 73' lang='lat' dir='ltr'>fortunzis</span> <span class='ocrx_word' id='word_1_116' title='bbox 913 1157 1030 1191; x_wconf 80' lang='lat' dir='ltr'>meas,</span> 
     </span>
     <span class='ocr_line' id='line_1_17' title="bbox 202 1209 1179 1261; baseline -0.001 -13"><span class='ocrx_word' id='word_1_117' title='bbox 202 1210 269 1261; x_wconf 87' lang='lat' dir='ltr'>qui</span> <span class='ocrx_word' id='word_1_118' title='bbox 289 1211 451 1261; x_wconf 53' lang='lat' dir='ltr'>gnatum</span> <span class='ocrx_word' id='word_1_119' title='bbox 473 1210 659 1249; x_wconf 83' lang='lat' dir='ltr'>haberem</span> <span class='ocrx_word' id='word_1_120' title='bbox 683 1210 747 1248; x_wconf 65' lang='lat' dir='ltr'>taili</span> <span class='ocrx_word' id='word_1_121' title='bbox 769 1209 926 1260; x_wconf 83' lang='lat' dir='ltr'>ingenio</span> <span class='ocrx_word' id='word_1_122' title='bbox 948 1209 1179 1259; x_wconf 78' lang='lat' dir='ltr'>praeditum.</span> 
     </span>
     <span class='ocr_line' id='line_1_18' title="bbox 202 1274 1315 1326; baseline 0.001 -13"><span class='ocrx_word' id='word_1_123' title='bbox 202 1275 298 1326; x_wconf 82' lang='lat' dir='ltr'>quid</span> <span class='ocrx_word' id='word_1_124' title='bbox 319 1275 449 1314; x_wconf 78' lang='lat' dir='ltr'>uerbis</span> <span class='ocrx_word' id='word_1_125' title='bbox 470 1289 569 1325; x_wconf 85' lang='lat' dir='ltr'>opus</span> <span class='ocrx_word' id='word_1_126' title='bbox 590 1276 678 1314; x_wconf 86' lang='lat' dir='ltr'>est?</span> <span class='ocrx_word' id='word_1_127' title='bbox 707 1275 780 1313; x_wconf 66' lang='lat' dir='ltr'>heic</span> <span class='ocrx_word' id='word_1_128' title='bbox 801 1276 905 1313; x_wconf 79' lang='lat' dir='ltr'>fama</span> <span class='ocrx_word' id='word_1_129' title='bbox 924 1274 1102 1325; x_wconf 76' lang='lat' dir='ltr'>inpulsus</span> <span class='ocrx_word' id='word_1_130' title='bbox 1124 1275 1315 1315; x_wconf 78' lang='lat' dir='ltr'><strong>Chremes</strong></span> 
     </span>
     <span class='ocr_line' id='line_1_19' title="bbox 202 1339 1625 1389; baseline -0.001 -10"><span class='ocrx_word' id='word_1_131' title='bbox 202 1342 303 1380; x_wconf 89' lang='lat' dir='ltr'>ultro</span> <span class='ocrx_word' id='word_1_132' title='bbox 325 1341 375 1379; x_wconf 70' lang='lat' dir='ltr'>eid</span> <span class='ocrx_word' id='word_1_133' title='bbox 396 1355 458 1380; x_wconf 88' lang='lat' dir='ltr'>me</span> <span class='ocrx_word' id='word_1_134' title='bbox 479 1340 598 1386; x_wconf 87' lang='lat' dir='ltr'>uenit,</span> <span class='ocrx_word' id='word_1_135' title='bbox 623 1339 779 1379; x_wconf 60' lang='lat' dir='ltr'>[inicam</span> <span class='ocrx_word' id='word_1_136' title='bbox 800 1340 958 1389; x_wconf 69' lang='lat' dir='ltr'>gnatzim</span> <span class='ocrx_word' id='word_1_137' title='bbox 979 1352 1090 1378; x_wconf 81' lang='lat' dir='ltr'>suam</span> <span class='ocrx_word' id='word_1_138' title='bbox 1560 1355 1625 1381; x_wconf 90' lang='lat'>100</span> 
     </span>
     <span class='ocr_line' id='line_1_20' title="bbox 202 1404 1067 1444; baseline -0.002 0"><span class='ocrx_word' id='word_1_139' title='bbox 202 1418 293 1444; x_wconf 85' lang='lat' dir='ltr'>cum</span> <span class='ocrx_word' id='word_1_140' title='bbox 314 1406 407 1444; x_wconf 80' lang='lat' dir='ltr'>dote</span> <span class='ocrx_word' id='word_1_141' title='bbox 428 1418 582 1444; x_wconf 84' lang='lat' dir='ltr'>summa</span> <span class='ocrx_word' id='word_1_142' title='bbox 601 1404 683 1444; x_wconf 93' lang='lat' dir='ltr'>filio</span> <span class='ocrx_word' id='word_1_143' title='bbox 703 1418 863 1444; x_wconf 87' lang='lat' dir='ltr'>uxorem</span> <span class='ocrx_word' id='word_1_144' title='bbox 885 1408 927 1442; x_wconf 70' lang='lat' dir='ltr'>tit</span> <span class='ocrx_word' id='word_1_145' title='bbox 947 1405 1067 1443; x_wconf 83' lang='lat' dir='ltr'>daret.</span> 
     </span>
     <span class='ocr_line' id='line_1_21' title="bbox 142 1468 1180 1521; baseline 0 -13"><span class='ocrx_word' id='word_1_146' title='bbox 142 1482 181 1519; x_wconf 84' lang='lat'>75</span> <span class='ocrx_word' id='word_1_147' title='bbox 203 1471 371 1520; x_wconf 86' lang='lat' dir='ltr'>placuit:</span> <span class='ocrx_word' id='word_1_148' title='bbox 401 1469 608 1521; x_wconf 82' lang='lat' dir='ltr'>despondi.</span> <span class='ocrx_word' id='word_1_149' title='bbox 669 1469 733 1508; x_wconf 83' lang='lat' dir='ltr'>hie</span> <span class='ocrx_word' id='word_1_150' title='bbox 754 1468 899 1519; x_wconf 72' lang='lat' dir='ltr'>nuptiis</span> <span class='ocrx_word' id='word_1_151' title='bbox 920 1468 1065 1508; x_wconf 73' lang='lat' dir='ltr'>dictust</span> <span class='ocrx_word' id='word_1_152' title='bbox 1086 1469 1180 1508; x_wconf 81' lang='lat' dir='ltr'>dies.</span> 
     </span>
     <span class='ocr_line' id='line_1_22' title="bbox 203 1533 1361 1585; baseline -0.002 -11"><span class='ocrx_word' id='word_1_153' title='bbox 203 1536 235 1574; x_wconf 84' lang='lat' dir='ltr'><em>S</em></span> <span class='ocrx_word' id='word_1_154' title='bbox 239 1536 284 1574; x_wconf 88' lang='lat' dir='ltr'>O.</span> <span class='ocrx_word' id='word_1_155' title='bbox 316 1533 412 1585; x_wconf 90' lang='lat' dir='ltr'>quid</span> <span class='ocrx_word' id='word_1_156' title='bbox 432 1534 546 1585; x_wconf 84' lang='lat' dir='ltr'>igitur</span> <span class='ocrx_word' id='word_1_157' title='bbox 566 1534 696 1573; x_wconf 84' lang='lat' dir='ltr'>obstat</span> <span class='ocrx_word' id='word_1_158' title='bbox 717 1534 816 1585; x_wconf 78' lang='lat' dir='ltr'>quor</span> <span class='ocrx_word' id='word_1_159' title='bbox 836 1547 916 1572; x_wconf 91' lang='lat' dir='ltr'>non</span> <span class='ocrx_word' id='word_1_160' title='bbox 937 1535 1061 1572; x_wconf 80' lang='lat' dir='ltr'>fiant?</span> <span class='ocrx_word' id='word_1_161' title='bbox 1117 1536 1182 1573; x_wconf 85' lang='lat' dir='ltr'>SI.</span> <span class='ocrx_word' id='word_1_162' title='bbox 1213 1533 1361 1574; x_wconf 73' lang='lat' dir='ltr'>audies.</span> 
     </span>
     <span class='ocr_line' id='line_1_23' title="bbox 202 1599 1159 1650; baseline -0.001 -12"><span class='ocrx_word' id='word_1_163' title='bbox 202 1600 281 1639; x_wconf 89' lang='lat' dir='ltr'>fere</span> <span class='ocrx_word' id='word_1_164' title='bbox 301 1601 341 1638; x_wconf 87' lang='lat' dir='ltr'>in</span> <span class='ocrx_word' id='word_1_165' title='bbox 362 1599 502 1639; x_wconf 84' lang='lat' dir='ltr'>diebus</span> <span class='ocrx_word' id='word_1_166' title='bbox 523 1599 657 1650; x_wconf 74' lang='lat' dir='ltr'>paucis</span> <span class='ocrx_word' id='word_1_167' title='bbox 678 1599 822 1650; x_wconf 86' lang='lat' dir='ltr'>quibus</span> <span class='ocrx_word' id='word_1_168' title='bbox 843 1600 941 1637; x_wconf 84' lang='lat' dir='ltr'>haee</span> <span class='ocrx_word' id='word_1_169' title='bbox 962 1599 1048 1637; x_wconf 58' lang='lat' dir='ltr'>dcta</span> <span class='ocrx_word' id='word_1_170' title='bbox 1068 1606 1159 1637; x_wconf 88' lang='lat' dir='ltr'>sunt</span> 
     </span>
     <span class='ocr_line' id='line_1_24' title="bbox 203 1664 1621 1715; baseline 0 -10"><span class='ocrx_word' id='word_1_171' title='bbox 203 1666 362 1715; x_wconf 77' lang='lat' dir='ltr'>Chrysis</span> <span class='ocrx_word' id='word_1_172' title='bbox 382 1664 513 1704; x_wconf 81' lang='lat' dir='ltr'>uicina</span> <span class='ocrx_word' id='word_1_173' title='bbox 532 1666 630 1704; x_wconf 83' lang='lat' dir='ltr'>haec</span> <span class='ocrx_word' id='word_1_174' title='bbox 651 1664 823 1704; x_wconf 78' lang='lat' dir='ltr'>moritur.</span> <span class='ocrx_word' id='word_1_175' title='bbox 882 1665 962 1704; x_wconf 80' lang='lat' dir='ltr'>SO.</span> <span class='ocrx_word' id='word_1_176' title='bbox 995 1677 1019 1702; x_wconf 96' lang='lat' dir='ltr'>o</span> <span class='ocrx_word' id='word_1_177' title='bbox 1039 1665 1185 1703; x_wconf 72' lang='lat' dir='ltr'>factum</span> <span class='ocrx_word' id='word_1_178' title='bbox 1207 1664 1308 1703; x_wconf 89' lang='lat' dir='ltr'>bene</span> <span class='ocrx_word' id='word_1_179' title='bbox 1326 1668 1333 1703; x_wconf 88' lang='lat'>!</span> <span class='ocrx_word' id='word_1_180' title='bbox 1559 1677 1621 1714; x_wconf 85' lang='lat'>105</span> 
     </span>
     <span class='ocr_line' id='line_1_25' title="bbox 202 1728 1264 1780; baseline -0.001 -12"><span class='ocrx_word' id='word_1_181' title='bbox 202 1729 352 1777; x_wconf 36' lang='lat' dir='ltr'>beust&amp;</span> <span class='ocrx_word' id='word_1_182' title='bbox 380 1729 415 1768; x_wconf 91' lang='lat' dir='ltr'>ei</span> <span class='ocrx_word' id='word_1_183' title='bbox 436 1729 558 1768; x_wconf 88' lang='lat' dir='ltr'>metui</span> <span class='ocrx_word' id='word_1_184' title='bbox 578 1743 600 1768; x_wconf 83' lang='lat' dir='ltr'>a</span> <span class='ocrx_word' id='word_1_185' title='bbox 622 1729 825 1780; x_wconf 65' lang='lat' dir='ltr'>Chryside.</span> <span class='ocrx_word' id='word_1_186' title='bbox 884 1730 950 1768; x_wconf 85' lang='lat' dir='ltr'>SI.</span> <span class='ocrx_word' id='word_1_187' title='bbox 981 1728 1035 1768; x_wconf 91' lang='lat' dir='ltr'>ibi</span> <span class='ocrx_word' id='word_1_188' title='bbox 1057 1736 1140 1767; x_wconf 83' lang='lat' dir='ltr'>tum</span> <span class='ocrx_word' id='word_1_189' title='bbox 1162 1728 1264 1767; x_wconf 86' lang='lat' dir='ltr'>filius</span> 
     </span>
     <span class='ocr_line' id='line_1_26' title="bbox 141 1793 1409 1845; baseline -0.002 -9"><span class='ocrx_word' id='word_1_190' title='bbox 141 1805 183 1836; x_wconf 93' lang='lat'>80</span> <span class='ocrx_word' id='word_1_191' title='bbox 202 1808 293 1834; x_wconf 86' lang='lat' dir='ltr'>curn</span> <span class='ocrx_word' id='word_1_192' title='bbox 315 1794 388 1833; x_wconf 90' lang='lat' dir='ltr'>illis</span> <span class='ocrx_word' id='word_1_193' title='bbox 409 1794 476 1844; x_wconf 85' lang='lat' dir='ltr'>qui</span> <span class='ocrx_word' id='word_1_194' title='bbox 496 1801 673 1833; x_wconf 81' lang='lat' dir='ltr'>amarant</span> <span class='ocrx_word' id='word_1_195' title='bbox 695 1793 929 1845; x_wconf 66' lang='lat' dir='ltr'>Chrysidem</span> <span class='ocrx_word' id='word_1_196' title='bbox 950 1807 1028 1832; x_wconf 81' lang='lat' dir='ltr'>una</span> <span class='ocrx_word' id='word_1_197' title='bbox 1047 1794 1181 1833; x_wconf 74' lang='lat' dir='ltr'>aderzit</span> <span class='ocrx_word' id='word_1_198' title='bbox 1202 1795 1384 1844; x_wconf 86' lang='lat' dir='ltr'>frequens</span> <span class='ocrx_word' id='word_1_199' title='bbox 1400 1810 1409 1843; x_wconf 73' lang='lat'><em>3</em></span> 
     </span>
     <span class='ocr_line' id='line_1_27' title="bbox 202 1859 957 1908; baseline -0.001 -9"><span class='ocrx_word' id='word_1_200' title='bbox 202 1861 364 1899; x_wconf 65' lang='lat' dir='ltr'>cursibat</span> <span class='ocrx_word' id='word_1_201' title='bbox 384 1873 462 1898; x_wconf 84' lang='lat' dir='ltr'>una</span> <span class='ocrx_word' id='word_1_202' title='bbox 482 1861 599 1899; x_wconf 73' lang='lat' dir='ltr'>funus</span> <span class='ocrx_word' id='word_1_203' title='bbox 614 1874 623 1908; x_wconf 79' lang='lat'><em>3</em></span> <span class='ocrx_word' id='word_1_204' title='bbox 653 1859 770 1899; x_wconf 88' lang='lat' dir='ltr'>tristis</span> <span class='ocrx_word' id='word_1_205' title='bbox 791 1859 957 1907; x_wconf 78' lang='lat' dir='ltr'>interim,</span> 
     </span>
     <span class='ocr_line' id='line_1_28' title="bbox 203 1923 1372 1975; baseline -0.001 -12"><span class='ocrx_word' id='word_1_206' title='bbox 203 1939 283 1963; x_wconf 89' lang='lat' dir='ltr'>non</span> <span class='ocrx_word' id='word_1_207' title='bbox 304 1927 522 1974; x_wconf 70' lang='lat' dir='ltr'>numquam</span> <span class='ocrx_word' id='word_1_208' title='bbox 543 1925 874 1964; x_wconf 68' lang='lat' dir='ltr'>conlacruma&#39;tbat.</span> <span class='ocrx_word' id='word_1_209' title='bbox 932 1923 1078 1975; x_wconf 81' lang='lat' dir='ltr'>placuit</span> <span class='ocrx_word' id='word_1_210' title='bbox 1099 1931 1182 1962; x_wconf 89' lang='lat' dir='ltr'>tum</span> <span class='ocrx_word' id='word_1_211' title='bbox 1203 1924 1243 1963; x_wconf 89' lang='lat' dir='ltr'>id</span> <span class='ocrx_word' id='word_1_212' title='bbox 1265 1923 1372 1963; x_wconf 79' lang='lat' dir='ltr'>mihi.</span> 
     </span>
     <span class='ocr_line' id='line_1_29' title="bbox 204 1989 1625 2040; baseline -0.001 -11"><span class='ocrx_word' id='word_1_213' title='bbox 204 1990 259 2029; x_wconf 86' lang='lat' dir='ltr'>sic</span> <span class='ocrx_word' id='word_1_214' title='bbox 279 1989 501 2040; x_wconf 76' lang='lat' dir='ltr'>cogitabam</span> <span class='ocrx_word' id='word_1_215' title='bbox 525 1993 533 2009; x_wconf 88' lang='lat'>‘</span> <span class='ocrx_word' id='word_1_216' title='bbox 546 1989 610 2028; x_wconf 86' lang='lat' dir='ltr'>hic</span> <span class='ocrx_word' id='word_1_217' title='bbox 630 1991 774 2040; x_wconf 66' lang='lat' dir='ltr'>peiruae</span> <span class='ocrx_word' id='word_1_218' title='bbox 795 1989 1093 2028; x_wconf 78' lang='lat' dir='ltr'>consuetudinis</span> <span class='ocrx_word' id='word_1_219' title='bbox 1560 1998 1625 2023; x_wconf 92' lang='lat'>110</span> 
     </span>
     <span class='ocr_line' id='line_1_30' title="bbox 204 2054 1117 2094; baseline -0.002 0"><span class='ocrx_word' id='word_1_220' title='bbox 204 2068 323 2094; x_wconf 81' lang='lat' dir='ltr'>causa</span> <span class='ocrx_word' id='word_1_221' title='bbox 342 2055 457 2093; x_wconf 74' lang='lat' dir='ltr'>huius</span> <span class='ocrx_word' id='word_1_222' title='bbox 479 2062 645 2093; x_wconf 83' lang='lat' dir='ltr'>mortem</span> <span class='ocrx_word' id='word_1_223' title='bbox 666 2055 745 2093; x_wconf 71' lang='lat' dir='ltr'>tzim</span> <span class='ocrx_word' id='word_1_224' title='bbox 767 2056 838 2094; x_wconf 87' lang='lat' dir='ltr'>fert</span> <span class='ocrx_word' id='word_1_225' title='bbox 858 2054 1117 2093; x_wconf 74' lang='lat' dir='ltr'>familiziriter:</span> 
     </span>
     <span class='ocr_line' id='line_1_31' title="bbox 144 2119 1307 2171; baseline 0 -13"><span class='ocrx_word' id='word_1_226' title='bbox 144 2127 185 2169; x_wconf 86' lang='lat'>85</span> <span class='ocrx_word' id='word_1_227' title='bbox 205 2119 302 2171; x_wconf 89' lang='lat' dir='ltr'>quid</span> <span class='ocrx_word' id='word_1_228' title='bbox 322 2119 353 2158; x_wconf 85' lang='lat' dir='ltr'>si</span> <span class='ocrx_word' id='word_1_229' title='bbox 375 2121 458 2170; x_wconf 88' lang='lat' dir='ltr'>ipse</span> <span class='ocrx_word' id='word_1_230' title='bbox 478 2121 676 2159; x_wconf 82' lang='lat' dir='ltr'>amasset?</span> <span class='ocrx_word' id='word_1_231' title='bbox 706 2121 801 2171; x_wconf 87' lang='lat' dir='ltr'>quid</span> <span class='ocrx_word' id='word_1_232' title='bbox 822 2119 886 2158; x_wconf 88' lang='lat' dir='ltr'>hic</span> <span class='ocrx_word' id='word_1_233' title='bbox 908 2119 1003 2158; x_wconf 90' lang='lat' dir='ltr'>mihi</span> <span class='ocrx_word' id='word_1_234' title='bbox 1023 2119 1139 2158; x_wconf 78' lang='lat' dir='ltr'>faciet</span> <span class='ocrx_word' id='word_1_235' title='bbox 1159 2119 1257 2170; x_wconf 81' lang='lat' dir='ltr'>patri</span> <span class='ocrx_word' id='word_1_236' title='bbox 1271 2121 1307 2158; x_wconf 90' lang='lat'>?&#39;</span> 
     </span>
    </p>
   </div>
   <div class='ocr_carea' id='block_1_3' title="bbox 249 2223 1536 2265">
    <p class='ocr_par' dir='ltr' id='par_1_3' title="bbox 249 2223 1536 2265">
     <span class='ocr_line' id='line_1_32' title="bbox 249 2223 1536 2265; baseline 0 -10"><span class='ocrx_word' id='word_1_237' title='bbox 249 2225 290 2264; x_wconf 88' lang='lat'>87</span> <span class='ocrx_word' id='word_1_238' title='bbox 317 2225 510 2256; x_wconf 84' lang='lat' dir='ltr'>Niceratum</span> <span class='ocrx_word' id='word_1_239' title='bbox 536 2235 609 2255; x_wconf 82' lang='lat' dir='ltr'>cnm</span> <span class='ocrx_word' id='word_1_240' title='bbox 639 2227 662 2255; x_wconf 90' lang='grc' dir='ltr'>Σ</span> <span class='ocrx_word' id='word_1_241' title='bbox 687 2224 859 2255; x_wconf 77' lang='lat' dir='ltr'>Fleckeisen</span> <span class='ocrx_word' id='word_1_242' title='bbox 885 2224 946 2264; x_wconf 80' lang='lat' dir='ltr'>qui</span> <span class='ocrx_word' id='word_1_243' title='bbox 971 2234 1056 2254; x_wconf 20' lang='lat' dir='ltr'>nam*</span> <span class='ocrx_word' id='word_1_244' title='bbox 1073 2223 1162 2255; x_wconf 86' lang='lat' dir='ltr'>secl.:</span> <span class='ocrx_word' id='word_1_245' title='bbox 1198 2224 1392 2255; x_wconf 86' lang='lat' dir='ltr'>Nicaretum</span> <span class='ocrx_word' id='word_1_246' title='bbox 1425 2223 1536 2265; x_wconf 80' lang='lat' dir='ltr'>uolg.:</span> 
     </span>
    </p>
   </div>
   <div class='ocr_carea' id='block_1_4' title="bbox 206 2267 1541 2394">
    <p class='ocr_par' dir='ltr' id='par_1_4' title="bbox 206 2267 1541 2394">
     <span class='ocr_line' id='line_1_33' title="bbox 208 2267 1536 2308; baseline -0.001 -10"><span class='ocrx_word' id='word_1_247' title='bbox 208 2267 402 2299; x_wconf 80' lang='lat' dir='ltr'>Niceratum</span> <span class='ocrx_word' id='word_1_248' title='bbox 420 2268 547 2299; x_wconf 73' lang='lat' dir='ltr'>Ritscld</span> <span class='ocrx_word' id='word_1_249' title='bbox 574 2273 643 2299; x_wconf 87' lang='lat' dir='ltr'>tum</span> <span class='ocrx_word' id='word_1_250' title='bbox 661 2268 781 2299; x_wconf 84' lang='lat' dir='ltr'>secluso</span> <span class='ocrx_word' id='word_1_251' title='bbox 908 2268 949 2298; x_wconf 88' lang='lat'>88</span> <span class='ocrx_word' id='word_1_252' title='bbox 974 2267 1160 2308; x_wconf 82' lang='lat' dir='ltr'>symbolam</span> <span class='ocrx_word' id='word_1_253' title='bbox 1177 2267 1210 2298; x_wconf 88' lang='grc' dir='ltr'><em>Β</em></span> <span class='ocrx_word' id='word_1_254' title='bbox 1225 2279 1232 2299; x_wconf 76' lang='lat'>2</span> <span class='ocrx_word' id='word_1_255' title='bbox 1256 2268 1444 2307; x_wconf 83' lang='lat' dir='ltr'>symbolum</span> <span class='ocrx_word' id='word_1_256' title='bbox 1461 2279 1536 2298; x_wconf 81' lang='lat' dir='ltr'>cum</span> 
     </span>
     <span class='ocr_line' id='line_1_34' title="bbox 206 2311 1538 2352; baseline 0 -10"><span class='ocrx_word' id='word_1_257' title='bbox 206 2311 293 2343; x_wconf 83' lang='lat' dir='ltr'>codd.</span> <span class='ocrx_word' id='word_1_258' title='bbox 319 2313 478 2352; x_wconf 75' lang='lat' dir='ltr'>plerisque</span> <span class='ocrx_word' id='word_1_259' title='bbox 504 2311 660 2342; x_wconf 80' lang='lat' dir='ltr'>Donatus</span> <span class='ocrx_word' id='word_1_260' title='bbox 846 2321 907 2350; x_wconf 88' lang='lat'>103</span> <span class='ocrx_word' id='word_1_261' title='bbox 931 2322 1034 2344; x_wconf 85' lang='lat' dir='ltr'>uerae</span> <span class='ocrx_word' id='word_1_262' title='bbox 1060 2315 1135 2343; x_wconf 83' lang='lat' dir='ltr'>ante</span> <span class='ocrx_word' id='word_1_263' title='bbox 1161 2311 1242 2342; x_wconf 87' lang='lat' dir='ltr'>fiant</span> <span class='ocrx_word' id='word_1_264' title='bbox 1266 2311 1413 2342; x_wconf 72' lang='lat' dir='ltr'>exhibent</span> <span class='ocrx_word' id='word_1_265' title='bbox 1440 2311 1538 2342; x_wconf 85' lang='lat' dir='ltr'>DEG</span> 
     </span>
     <span class='ocr_line' id='line_1_35' title="bbox 210 2353 1541 2394; baseline -0.001 -9"><span class='ocrx_word' id='word_1_266' title='bbox 210 2365 267 2394; x_wconf 84' lang='lat'>104</span> <span class='ocrx_word' id='word_1_267' title='bbox 293 2356 363 2386; x_wconf 85' lang='lat' dir='ltr'>fere</span> <span class='ocrx_word' id='word_1_268' title='bbox 383 2360 425 2387; x_wconf 88' lang='grc' dir='ltr'>Σ;</span> <span class='ocrx_word' id='word_1_269' title='bbox 452 2356 557 2386; x_wconf 83' lang='lat' dir='ltr'>ferme</span> <span class='ocrx_word' id='word_1_270' title='bbox 576 2355 767 2386; x_wconf 75' lang='lat' dir='ltr'>Cham&#39;sius:</span> <span class='ocrx_word' id='word_1_271' title='bbox 795 2355 839 2386; x_wconf 77' lang='lat' dir='ltr'>ita</span> <span class='ocrx_word' id='word_1_272' title='bbox 862 2355 1035 2386; x_wconf 78' lang='lat' dir='ltr'>Fleckeisen</span> <span class='ocrx_word' id='word_1_273' title='bbox 1223 2356 1283 2386; x_wconf 79' lang='lat'>106</span> <span class='ocrx_word' id='word_1_274' title='bbox 1307 2355 1337 2385; x_wconf 87' lang='lat' dir='ltr'>ci</span> <span class='ocrx_word' id='word_1_275' title='bbox 1363 2366 1427 2386; x_wconf 82' lang='lat' dir='ltr'>om.</span> <span class='ocrx_word' id='word_1_276' title='bbox 1449 2353 1541 2386; x_wconf 80' lang='lat' dir='ltr'>BCP</span> 
     </span>
    </p>
   </div>
   <div class='ocr_carea' id='block_1_5' title="bbox 207 2398 1537 2438">
    <p class='ocr_par' dir='ltr' id='par_1_5' title="bbox 207 2398 1537 2438">
     <span class='ocr_line' id='line_1_36' title="bbox 207 2398 1537 2438; baseline -0.002 -8"><span class='ocrx_word' id='word_1_277' title='bbox 207 2402 235 2430; x_wconf 85' lang='lat' dir='ltr'>ct</span> <span class='ocrx_word' id='word_1_278' title='bbox 259 2398 436 2430; x_wconf 75' lang='lat' dir='ltr'>Donatus:</span> <span class='ocrx_word' id='word_1_279' title='bbox 471 2399 589 2429; x_wconf 79' lang='lat' dir='ltr'>lmbcut</span> <span class='ocrx_word' id='word_1_280' title='bbox 615 2402 675 2430; x_wconf 73' lang='lat' dir='ltr'>scil.</span> <span class='ocrx_word' id='word_1_281' title='bbox 872 2409 930 2438; x_wconf 88' lang='lat'>107</span> <span class='ocrx_word' id='word_1_282' title='bbox 957 2403 1106 2430; x_wconf 81' lang='lat' dir='ltr'>amarant</span> <span class='ocrx_word' id='word_1_283' title='bbox 1134 2398 1305 2430; x_wconf 72' lang='lat' dir='ltr'>Muretus:</span> <span class='ocrx_word' id='word_1_284' title='bbox 1333 2399 1491 2430; x_wconf 82' lang='lat' dir='ltr'>amabant</span> <span class='ocrx_word' id='word_1_285' title='bbox 1514 2400 1537 2428; x_wconf 84' lang='grc' dir='ltr'>Σ</span> 
     </span>
    </p>
   </div>
  </div>
 </body>
</html>
