1773 2750
549 126 822 164 HEAVTON
853 127 1275 168 TIMORVMENOS
1496 134 1559 170 lv.
1583 135 1595 169 i

247 263 539 299 SoSTRATA
609 261 882 299 CHREMES
953 259 1330 315 [(ΣΛΝΤΗΛΚΑΡ]
1393 267 1623 306 SvRvsi

247 354 328 393 SO.
359 352 446 392 Nisi
466 365 529 391 me
549 351 703 390 zinimus
726 351 833 399 fallit,
857 353 921 390 hie
948 354 1161 402 profectost
1187 354 1326 392 finulus
1351 368 1468 405 quem
1494 370 1566 406 ego

461 416 647 467 slispicor,

156 491 225 536 615
246 482 278 522 is
297 483 458 532 quicum
479 480 690 531 expositast
709 481 836 532 gnzita.
899 482 989 521 CH.
1022 481 1117 532 quid
1138 485 1221 520 uolt
1240 483 1325 531 sibi,
1344 486 1447 533 Syre,
1471 487 1566 523 haec

459 545 581 584 orzitio
594 547 611 584 ?

247 612 327 650 SO.
358 610 454 660 quid
481 612 567 648 est?
596 611 679 648 isne
705 609 776 649 tibi
801 609 990 649 uide'tur?
1046 612 1140 648 NV.
1173 610 1252 650 dixi
1281 612 1477 661 equidem,
1501 614 1566 651 tibi

460 674 513 712 mi
533 673 748 720 ostendisti,
772 673 862 712 ilico

246 753 337 778 eum
353 738 448 778 esse.
498 738 577 777 SO.
609 746 648 776 at
664 737 755 776 satis
768 745 811 776 ut
824 738 1091 788 cdntemplata
1105 740 1227 778 m6d0
1243 739 1305 786 sis,
1322 753 1410 779 mea
1426 742 1564 778 nutrix.

459 803 552 841 NV.
584 802 687 840 satis.

246 870 279 907 S
283 869 327 907 O.
358 867 423 906 abi
437 867 620 906 minciam
634 867 736 906 intro
749 874 868 916 atque
882 869 945 906 illa
960 867 991 906 si
1005 867 1081 905 iam
1096 868 1232 906 lziuerit
1253 868 1348 906 mihi
1361 868 1565 907 mintia.—
1584 880 1601 911 5

246 933 310 971 hic
331 932 403 983 ego
423 931 548 970 uirum
570 931 718 971 interea
738 931 958 982 6pperib0r.
1017 933 1050 970 S
1061 934 1099 970 Y.
1131 932 1168 970 te
1185 934 1289 972 uolt:
1320 933 1455 972 uideas
1470 935 1566 983 quid

460 995 564 1034 uelit.

158 1070 228 1105 620
246 1062 380 1100 nescio
400 1061 496 1111 quid
517 1060 633 1099 tristis
655 1060 711 1099 e'st
729 1076 735 1099 :
767 1074 847 1099 non
869 1068 1051 1100 temerest
1069 1076 1075 1099 :
1105 1063 1225 1101 timeo
1241 1062 1336 1111 quid
1356 1062 1414 1100 sit.
1475 1063 1565 1101 CH

460 1126 556 1175 quid
576 1125 647 1163 siet
663 1127 679 1163 Ρ

247 1204 295 1229 ne
316 1190 388 1229 ista
408 1189 538 1228 hercle
559 1203 702 1240 magno
723 1190 800 1228 izim
823 1198 967 1229 conatu
989 1191 1149 1240 mcignas
1169 1204 1291 1240 nugas
1312 1190 1459 1229 dixerit.

247 1256 326 1293 SO.
359 1256 474 1293 ehem
504 1255 557 1292 mi
586 1254 654 1292 uir.
716 1255 808 1293 CH.
841 1256 955 1292 ehem
987 1268 1075 1293 mea
1099 1257 1204 1293 rixor.
1265 1255 1344 1293 SO.
1377 1262 1414 1292 te
1441 1254 1568 1305 ipsum

461 1318 617 1368 quaero.
679 1320 769 1358 CH.
803 1320 962 1368 loquere
983 1319 1079 1368 quid
1099 1318 1205 1357 uelis.

248 1385 327 1423 So.
360 1385 528 1433 primum
556 1384 631 1421 hoc
654 1391 691 1421 te
712 1395 790 1428 oro,
816 1382 866 1421 ne‘
887 1383 984 1432 quid
1004 1384 1139 1421 credas
1167 1396 1230 1421 me
1259 1383 1470 1422 aduorsum
1493 1383 1570 1423 edi-
1591 1399 1630 1421 10

461 1449 568 1485 cuim
590 1454 700 1485 tuom

244 1513 372 1551 faicere
393 1525 478 1551 esse
497 1525 645 1550 ausam.
708 1513 798 1550 CH.
832 1514 899 1550 uin
917 1526 979 1551 me
996 1512 1094 1551 istuc
1111 1512 1192 1558 tibi,
1208 1512 1280 1551 etsi
1295 1512 1568 1559 incredibilest‚

461 1576 618 1615 credere
632 1578 648 1614 ?

158 1652 224 1698 625
246 1641 377 1681 cre‘do.
437 1643 468 1680 S
481 1643 517 1679 Y.
551 1642 684 1680 nescio
706 1643 801 1691 quid
823 1641 975 1691 peccati
995 1642 1123 1692 pdrtat
1143 1643 1240 1680 haec
1261 1642 1448 1692 purgzitio.

248 1707 328 1746 SO.
360 1706 600 1745 meministin
636 1719 698 1745 me
729 1706 931 1756 grauidam
961 1714 998 1745 et
1032 1706 1129 1744 mihi
1164 1713 1202 1744 te
1236 1707 1420 1745 maixumo
1454 1720 1571 1758 opere

463 1772 628 1817 edicere,

248 1837 280 1874 si
299 1837 469 1886 puellam
491 1836 677 1886 pdrerem,
701 1838 806 1875 nolle
827 1836 942 1875 t611i?
1000 1838 1090 1875 CH.
1123 1835 1204 1874 scio
1225 1836 1321 1886 quid
1341 1836 1475 1875 feceris
1493 1852 1500 1875 z

248 1901 447 1940 sfistulisti.
506 1902 588 1939 SY.
621 1902 675 1939 sic
709 1908 766 1939 est
798 1902 973 1939 factum:
1013 1901 1161 1940 ddmna
1192 1913 1279 1950 ego,
1308 1914 1394 1939 erus
1425 1902 1572 1941 damno
1594 1917 1631 1949 15

462 1968 599 2005 euictus
621 1974 689 2004 est.

249 2033 329 2071 SO.
362 2033 562 2079 minume3
601 2032 671 2070 sed
704 2038 784 2070 erat
815 2032 879 2069 hic
909 2030 1114 2070 Corinthia
1145 2030 1242 2069 {inus
1273 2032 1380 2069 haud
1411 2030 1571 2081 inpura:

464 2098 500 2135 ei
519 2096 613 2136 dedi

161 2164 230 2208 630
249 2161 535 2212 exponendam.
596 2162 686 2200 CH.
724 2175 748 2200 o
778 2161 965 2211 Irippiten
997 2168 1145 2199 tantam
1176 2160 1260 2199 esse
1289 2160 1328 2197 in
1357 2159 1490 2198 animo
1519 2160 1573 2197 in-

464 2225 615 2264 scitiam
635 2229 642 2264 Σ

292 2329 354 2367 617
378 2328 458 2360 satis
475 2332 511 2358 ut
528 2327 682 2368 Bentley:
704 2333 740 2359 ut
757 2328 839 2359 satis
863 2327 949 2359 codd.
1105 2328 1170 2357 626
1194 2327 1326 2357 edicere
1352 2327 1425 2357 A²z
1461 2328 1572 2358 dicere

250 2374 311 2401 cett.
448 2371 513 2401 628
538 2372 662 2402 domna
678 2371 743 2402 Leo
759 2383 765 2402 :
796 2372 931 2402 domina
947 2370 1034 2401 codd.
1126 2380 1190 2407 ego
1207 2370 1280 2400 A2:
1306 2380 1386 2408 ergo
1401 2373 1467 2401 cett.
