1773 2750
750 167 984 205 HECYRA
1460 172 1513 207 II.
1535 171 1547 207 i

116 295 185 321 200
202 291 330 329 neque
350 277 586 317 declinatam
607 277 818 327 quicquam
838 275 890 314 ab
909 274 1070 314 aliarum
1098 276 1254 326 ingenio
1275 278 1392 315 ullam
1414 279 1519 328 repe-

416 342 511 381 rias!

201 409 332 459 itaque
348 408 448 447 rideo
463 419 541 445 uno
557 405 691 445 animo
707 403 845 443 omne's
863 417 996 443 socrus
1013 405 1192 452 oderunt,
1209 407 1372 444 oderant
1388 420 1517 445 nurus.

201 472 292 511 uiris
313 472 396 511 esse
416 473 602 510 aduorsas
622 471 747 519 aeque
768 468 989 516 studiumst,
1013 469 1147 508 similis
1168 470 1428 520 pertinz'iciast,
1541 483 1556 513 5

201 536 241 575 in
261 538 482 586 eodemque
503 548 641 574 omnes
663 534 758 572 mihi
774 533 958 572 uidentur
973 535 1068 572 hido
1085 536 1226 574 doctae
1241 537 1291 574 ad
1309 536 1495 574 malitiam
1512 552 1519 575 ε

201 602 236 640 ei
257 603 364 649 liido,
385 601 415 639 si
437 602 536 639 ullus
557 599 625 647 est,
648 598 870 649 magistram
892 600 994 636 hanc
1015 598 1098 637 esse
1119 599 1210 637 satis
1230 601 1336 639 certo
1357 600 1448 639 scio.

114 675 178 711 205
200 667 279 704 SO.
313 678 375 703 me
396 666 586 711 miseram,
609 676 710 714 quae
736 675 842 701 nunc
862 675 980 712 quam
1001 663 1054 701 ob
1080 676 1161 701 rem
1188 677 1347 703 accuser
1373 664 1516 704 ne'scio.

410 731 498 768 LA.
529 731 633 776 hem,

197 803 237 832 tu
258 794 416 833 nescis?
473 795 553 833 SO.
586 807 677 841 non,
701 794 753 832 ita
772 792 836 832 me
856 792 896 832 di
917 793 1019 832 bene
1038 801 1182 840 ament,
1206 795 1259 831 mi
1281 795 1443 841 Laches,

195 858 326 909 itaque
356 862 433 897 tina
465 859 563 897 inter
594 871 665 897 nos
699 859 812 908 sigere
842 864 1009 896 aetatem
1045 858 1169 896 liceat.
1227 859 1313 896 LA.
1347 859 1387 897 di
1417 860 1518 897 mala
1541 873 1579 895 10

408 923 654 973 prohibeant.

194 989 275 1027 SO.
307 1001 448 1038 meque
487 989 557 1027 zibs
590 995 629 1026 te
666 987 848 1026 inmerito
886 1000 971 1026 esse
1010 986 1230 1025 decusatam
1270 988 1358 1037 post
1397 989 1518 1026 modo

409 1051 603 1099 rescisces,
628 1052 720 1090 scio.

194 1118 282 1155 LA.
314 1124 352 1156 te
372 1117 586 1156 inmerito?
618 1131 668 1154 an
696 1116 906 1167 quicquam
937 1129 1006 1166 pro
1036 1115 1116 1153 istis
1147 1115 1256 1154 factis
1286 1116 1448 1165 dignum
1479 1123 1517 1154 te

410 1182 488 1220 dici
508 1188 636 1231 potest
652 1183 668 1219 ?

109 1259 177 1284 210
195 1259 295 1296 quae
316 1259 378 1285 me
400 1246 437 1285 et
458 1254 495 1285 te
515 1254 553 1284 et
574 1246 760 1284 familiaim
781 1246 1007 1292 dedecoras,
1030 1245 1111 1283 filio
1131 1246 1279 1283 luctiim
1301 1258 1412 1294 paras
1427 1259 1436 1291 3

194 1319 277 1349 turn
298 1319 429 1349 autem
451 1310 496 1350 ex
515 1310 650 1349 amicis
672 1310 818 1349 inimici
840 1318 881 1348 ut
901 1310 977 1348 sint
998 1309 1112 1348 nobis
1132 1308 1282 1347 adfines
1303 1309 1408 1355 facis,

194 1375 260 1425 qui
282 1375 390 1413 ilhim
412 1377 617 1415 decrerunt
638 1376 801 1425 dignum
823 1388 914 1413 suos
935 1374 1027 1424 quoi
1049 1374 1191 1412 liberos
1213 1374 1513 1412 committerent.
1538 1386 1575 1419 15

193 1448 234 1478 tu
255 1441 338 1479 sola
359 1454 525 1487 exorere,
549 1441 649 1490 quae
670 1439 871 1490 perturbes
893 1440 989 1478 haec
1010 1446 1075 1477 tua
1096 1437 1338 1488 inpudentia.

193 1506 273 1544 SO.
310 1507 443 1555 egon?
512 1506 598 1543 LA.
641 1512 682 1543 tu
721 1506 893 1554 inquam,
928 1503 1075 1550 mulier,
1110 1502 1210 1553 quae'
1250 1516 1313 1541 me
1351 1502 1515 1542 omnino

406 1570 587 1620 lzipidem,
611 1583 691 1608 non
713 1568 914 1607 homine'm
935 1576 1059 1618 putas.

106 1646 170 1683 215
190 1647 252 1681 an,
275 1635 366 1685 quia
387 1635 462 1673 ruri
482 1635 619 1673 crebro
640 1633 723 1672 esse
744 1635 863 1680 soleo,
886 1632 1034 1671 nescire
1054 1631 1305 1679 arbitrziniini,

190 1711 270 1747 quo
290 1700 456 1748 quisque
477 1706 592 1748 pacto
614 1698 678 1736 hic
699 1699 820 1736 uitam
841 1704 1059 1735 nostrarum
1081 1696 1236 1746 exigat?

190 1765 313 1801 miilto
335 1763 472 1802 melius
494 1764 557 1801 hic
578 1775 680 1812 quae
702 1763 799 1800 fiunt
821 1774 938 1811 quarn
960 1761 1013 1799 illi
1034 1761 1101 1799 ubi
1123 1774 1209 1799 sum
1230 1761 1396 1800 adsidue
1417 1761 1510 1801 scio.
1534 1774 1575 1797 20

191 1824 298 1878 [ideo
322 1827 423 1877 quia,
447 1834 488 1865 ut
515 1826 624 1866 domi
652 1825 747 1864 mihi
777 1839 848 1864 uos
880 1824 994 1872 eritis,
1017 1824 1182 1875 proinde
1212 1838 1284 1875 ego
1314 1839 1380 1864 ero
1410 1827 1512 1864 sama

404 1890 525 1944 foris]

189 1957 265 1995 izim
287 1957 438 2007 pridem
459 1957 643 2008 equidem
664 1956 796 1996 audiui
818 1955 969 2006 cepisse
988 1955 1125 1995 odium
1146 1954 1202 1993 tui
1223 1954 1508 2003 Philiimenam,

102 2036 170 2061 220
190 2022 444 2072 minumeque
463 2023 564 2061 adeo
585 2029 643 2060 est
668 2023 820 2068 mirum,
843 2028 880 2060 et
900 2020 941 2058 ni
962 2020 1002 2060 id
1029 2021 1193 2067 fecisset,
1217 2019 1339 2069 magis
1369 2019 1508 2058 minim

401 2088 498 2125 foret
513 2101 523 2134 5

187 2150 256 2189 sed
276 2164 355 2189 non
377 2151 525 2190 credidi
546 2153 660 2200 zideo,
682 2158 723 2190 ut
744 2152 860 2190 etiam
883 2152 1005 2190 totam
1027 2152 1128 2189 hanc
1149 2150 1296 2189 odisse't
1318 2151 1481 2189 domum
1501 2166 1508 2189 :

187 2217 294 2265 quod
315 2216 346 2254 si
367 2216 536 2263 scissem,
560 2216 625 2254 illa
644 2217 708 2255 hic
729 2223 903 2255 maneret
924 2215 1064 2266 potius,
1089 2223 1129 2254 tu
1150 2215 1243 2253 hinc
1263 2215 1358 2254 isses
1379 2216 1491 2253 foras.
1528 2226 1565 2258 25

231 2328 291 2348 201
317 2319 460 2350 oderunt
469 2318 712 2360 geminandum
731 2319 852 2350 censuit
872 2318 1090 2358 Umpfi‘nbaclt
1105 2317 1224 2356 (Anal.
1233 2323 1265 2357 p.
1286 2317 1341 2357 22)
1443 2321 1507 2350 206

186 2361 272 2392 bene
298 2373 364 2393 om.
390 2362 553 2394 ABCEP
741 2363 805 2393 208
828 2363 898 2393 scio
924 2361 1057 2392 Lachete·
1086 2360 1167 2392 dant
1191 2361 1301 2392 codd:
1339 2360 1507 2393 Sostratae

185 2405 351 2435 continuat
369 2405 470 2445 Gnyet
609 2415 672 2436 210
695 2406 853 2436 familiam
871 2414 1004 2436 omnem
1022 2404 1054 2434 Α
1189 2414 1250 2442 217
1276 2404 1320 2434 illi
1333 2403 1503 2436 Muretus:

185 2449 250 2479 illie
267 2448 353 2480 codd.
488 2450 551 2479 218
572 2453 691 2488 proscr.
711 2449 870 2479 Deiatzko

225 2502 301 2524 TER.
322 2502 398 2524 HEC.
1368 2487 1408 2517 1ss
