1773 2750
104 122 158 159 ΙΙ.

133 787 163 824 ii

134 1775 171 1797 10

180 122 210 158 ii
603 121 643 157 Ρ.
676 120 928 158 TERENTI
957 120 1089 157 AFRI

184 231 276 281 quoi
311 232 418 282 quod
449 230 708 281 respondeam
739 229 793 268 nil
823 230 952 268 habeo
966 244 976 277 3
1014 228 1143 279 neque
1171 242 1233 267 me
1267 227 1512 279 quisquamst

400 295 584 335 miserior.

184 375 276 400 nam
292 361 355 400 hic
372 361 510 407 Clinia,
528 360 599 399 etsi
620 359 650 398 is
667 360 826 410 quoque
843 372 999 398 suarum
1015 358 1143 398 re'rum
1160 366 1218 397 sat
1233 357 1361 408 agita't,
1381 364 1512 395 tamen
1533 364 1596 401 225

184 426 302 465 habet
323 427 424 464 bene
445 433 483 463 et
503 425 646 475 pudice
666 425 860 470 eductam,
883 423 1056 474 ignaram
1076 424 1167 462 artis
1189 422 1439 462 meretriciae.

146 506 161 537 „-
185 498 308 529 meast
329 491 525 539 inpotens,
544 488 697 539 procdx,
721 488 938 538 magnifica,
962 491 1202 538 sumptuosa,
1225 487 1380 526 nobilis.

184 563 268 593 tum
298 555 405 604 quod
435 555 528 592 dem
558 553 593 591 ei
626 554 771 591 ‘recte’
793 559 850 590 est
865 566 874 599 3
904 551 995 590 nam
1025 551 1079 589 nil
1106 565 1191 590 esse
1221 551 1316 590 mihi
1343 550 1513 601 religiost

398 619 538 656 dicere.

183 685 259 723 hoc
280 682 352 734 ego
369 683 460 722 mali
476 696 558 721 non
574 683 726 733 pridem
743 681 876 720 inueni
894 681 1023 731 ne'que
1044 681 1161 719 etiam
1183 682 1279 720 dum
1300 681 1371 719 scit
1391 688 1510 731 pater.

547 776 755 815 CL1N1A
865 775 1148 813 CLITIPHO

188 852 337 891 CLJN.
370 851 409 890 Si
431 850 527 889 mihi
548 851 744 890 secundae
765 850 824 889 res
845 851 895 889 de
919 862 1051 888 amore
1072 861 1162 887 meo
1183 848 1323 896 essent,
1346 848 1424 886 iam
1445 843 1513 888 du·
1532 857 1600 892 230

398 917 494 955 dum
515 915 597 954 scio

184 981 384 1020 uenissent
399 996 409 1028 3
438 982 508 1019 sed
528 980 665 1019 uereor
685 993 735 1019 ne
756 979 893 1018 mulier
910 993 972 1018 me
992 980 1154 1018 absente
1171 978 1235 1017 hic
1251 981 1432 1028 corrupta
1452 978 1511 1016 sit.

185 1049 422 1084 concurrunt
443 1047 566 1084 multa
586 1045 814 1096 opinionem
835 1058 935 1095 quae
956 1044 1008 1082 mi
1029 1046 1069 1082 in
1091 1043 1224 1082 animo
1245 1046 1460 1093 exaugeam
1478 1059 1484 1081 :

185 1111 351 1158 occasio,
374 1113 494 1158 locus,
518 1110 633 1158 aetas,
658 1118 780 1149 mater
801 1111 942 1159 quoius
963 1110 1036 1148 sub
1056 1109 1257 1159 imperiost
1279 1110 1390 1154 mala,

185 1176 279 1227 quoi
295 1177 350 1214 nil
365 1175 441 1214 iam
459 1183 610 1226 praeter
622 1175 790 1225 pre'tium
807 1175 968 1214 dulcest.
1016 1175 1117 1214 CLI
1118 1175 1158 1212 T.
1178 1173 1317 1213 Clinia.
1363 1174 1512 1212 (ΕΖΝ.

400 1241 434 1279 ei
457 1241 598 1280 misero
619 1239 738 1278 mihi!

189 1308 332 1347 CLJT.
365 1306 481 1345 etiam
512 1320 628 1345 caues
659 1319 708 1344 ne
739 1306 872 1344 uideat
902 1306 999 1344 forte
1030 1304 1093 1343 hic
1123 1312 1160 1343 te
1190 1305 1212 1342 a
1240 1311 1348 1355 patre
1375 1303 1515 1354 aliquis
1536 1310 1600 1347 235

402 1372 532 1411 e'xiens
547 1373 564 1410 Ρ

192 1438 342 1477 CLIN.
374 1436 513 1475 faciam
528 1451 538 1484 3
567 1437 637 1475 sed
664 1435 797 1475 nescio
827 1437 923 1486 quid
949 1437 1125 1486 profecto
1146 1434 1199 1473 mi
1228 1434 1382 1473 animus
1411 1446 1517 1484 prae-

403 1503 500 1551 sagit
520 1501 623 1539 mali.

192 1567 294 1606 CLI
294 1568 335 1605 T.
366 1567 501 1617 pergin
517 1566 617 1605 istuc
632 1566 738 1616 prius
753 1565 968 1605 diiudicare
984 1566 1103 1616 quam
1119 1565 1193 1604 scis
1209 1564 1305 1615 quid
1320 1565 1402 1603 ueri
1417 1564 1518 1603 siet?

192 1632 342 1670 CLIN.
365 1630 397 1669 si
413 1632 467 1669 nil
488 1630 580 1669 mali
600 1638 712 1678 esset,
730 1630 808 1669 iam
829 1631 892 1669 hic
912 1631 1107 1669 adessent.
1171 1631 1314 1670 CLIT.
1337 1629 1414 1667 iam
1430 1629 1519 1668 ade-

404 1703 504 1734 runt.
567 1696 717 1735 CLIN.
749 1696 910 1745 quando
930 1694 1030 1733 istuc
1053 1697 1062 1714 ‘
1075 1695 1174 1732 iam’
1195 1694 1295 1732 erit?

195 1761 338 1800 CLJT.
368 1774 450 1799 non
470 1759 617 1810 cogitas
644 1759 736 1798 hinc
756 1760 913 1810 longule
934 1760 1048 1798 esse?
1076 1766 1115 1797 et
1138 1758 1241 1798 nosti
1261 1771 1389 1798 mores
1410 1757 1519 1796 muli-

404 1838 536 1864 erum:

189 1891 285 1929 dum
324 1889 546 1937 moliuntur,
588 1890 684 1929 dum
726 1896 929 1936 conantur,
970 1888 1096 1927 annus
1134 1895 1202 1927 est.
1302 1888 1452 1928 CLJN.
1493 1899 1517 1926 o
1537 1899 1605 1933 240

404 1954 588 2005 Clitipho,
1276 1958 1278 1961 ’

188 2021 320 2060 timeo.
383 2022 525 2061 CLIT.
557 2020 724 2071 respira:
754 2023 892 2060 eccum
914 2021 1160 2060 Dromonem
1186 2022 1277 2058 crim
1302 2020 1398 2069 Syro
1417 2031 1518 2057 una:

404 2087 548 2124 adsunt
569 2085 650 2125 tibi.

232 2183 294 2211 224
311 2171 394 2203 deest
404 2171 480 2203 inA
575 2182 637 2210 227
655 2172 813 2212 inpotens
825 2171 946 2202 Bothe:
969 2176 1093 2212 potens
1104 2169 1192 2202 codd.
1271 2180 1396 2210 procax
1407 2168 1494 2200 codd.
1513 2181 1520 2201 :

189 2221 291 2256 petax
301 2216 450 2255 Bentley:
470 2221 590 2255 petens
607 2214 770 2257 Wagner:
785 2216 960 2246 Donatum
978 2214 1190 2255 QquifldHec.
1207 2224 1267 2254 159
1277 2214 1383 2245 scribit
1395 2223 1521 2254 procax

190 2260 411 2299 despoliatrix
435 2265 468 2290 et
493 2260 609 2299 petax]
637 2259 723 2290 illud
736 2264 837 2299 petax
861 2270 901 2290 ex
915 2259 973 2289 hoc
995 2259 1061 2289 loco
1084 2259 1262 2299 sumpsisse
1270 2262 1374 2298 putat
1390 2257 1522 2297 Bentley

190 2313 253 2342 232
277 2304 321 2334 sic
342 2303 474 2343 Bentley
498 2304 564 2334 nisi
584 2303 673 2343 quod
695 2313 769 2334 eam
784 2303 853 2333 sine
875 2313 973 2334 causa
994 2302 1102 2334 addit:
1133 2303 1166 2333 in
1191 2301 1267 2333 add.
1288 2312 1365 2343 ego:
1396 2301 1521 2332 multae

190 2347 371 2386 opiniones
387 2357 474 2386 quae
494 2347 574 2377 mihi
600 2347 747 2377 animum
764 2346 852 2377 codd.
874 2358 881 2377 t
912 2346 1035 2377 multae
1062 2346 1255 2386 opinionem
1278 2355 1332 2376 res
1357 2355 1443 2384 quae
1476 2345 1520 2374 mi

189 2391 300 2421 animo
327 2390 508 2422 Dziatzko:
554 2390 657 2422 multa
682 2400 755 2422 eam
782 2390 975 2430 opinionem
1007 2389 1065 2429 qui
1096 2389 1175 2421 mihi
1207 2388 1320 2420 animo
1348 2388 1520 2420 Fleckeisen

191 2435 254 2473 238
279 2434 343 2465 iam
361 2434 436 2465 add.
455 2434 617 2465 Pcmmier
