1773 2750
107 97 182 134 111.
206 96 234 132 ii
619 97 658 132 P.
691 95 943 132 TERENTI
975 95 1106 131 AFRI

141 219 183 250 30
202 210 299 248 DO.
331 208 558 247 obtundes?
612 209 709 247 AN.
741 208 847 246 haud
863 208 1061 258 longunist
1077 206 1117 245 id
1133 208 1241 256 quod
1262 207 1367 245 orat:
1397 206 1527 246 exoret
1549 217 1611 254 515

417 272 511 312 sine.

201 338 307 376 idern
328 337 392 376 hic
413 337 494 385 tibi,
520 339 628 388 quod
650 337 744 376 boni
765 337 999 388 promeritus
1020 336 1148 383 fueris,
1175 335 1525 387 conduplicziuerit.

200 403 296 441 DO.
346 401 467 441 uerba
499 402 619 441 istaec
657 410 759 440 sunt.
834 403 931 441 AN.
982 401 1282 452 Pamphilamne
1320 402 1395 440 hac
1432 400 1529 439 tirbe

414 467 556 517 priuari'
576 466 709 506 sines?

199 533 283 570 tum
304 539 503 582 praeterea
522 533 674 570 horunc
693 544 868 570 amorem
890 530 1052 570 distrahi
1073 531 1225 581 poterin
1245 529 1355 580 pati?

200 597 294 636 ΒΟ.
327 596 456 647 neque
477 610 549 647 ego
571 610 700 647 neque
720 604 774 635 tu.
837 597 929 636 GE.
961 596 1002 635 di
1026 595 1096 634 tibi
1120 609 1258 634 omnes
1286 596 1326 634 id
1353 595 1461 645 quod
1487 608 1528 633 es

412 661 553 712 dignus
574 661 687 700 duint
704 663 710 699 1

139 734 176 765 35
197 726 293 765 DO.
317 725 388 776 ego
409 733 447 764 te
467 727 679 776 compluris
692 726 906 764 aduorsum
920 723 1121 776 ingenium
1136 738 1267 764 meum
1286 724 1430 763 mensis
1444 723 1525 771 tuli,
1547 733 1614 770 520

198 790 481 841 pollicitantem
511 797 549 829 et
578 791 633 828 nil
662 791 862 836 ferentem,
887 789 1046 828 flentem
1062 803 1071 837 3
1102 803 1208 828 nunc
1228 797 1365 828 contra
1394 788 1527 827 omnia

412 856 533 894 haec:

198 918 348 970 repperi
369 919 437 970 qui
457 918 524 958 de't
545 933 674 970 neque
695 921 884 958 lacrumet
901 934 907 958 :
938 918 990 958 dei
1009 921 1141 958 locum
1163 918 1400 958 melioribus.

197 986 293 1023 AN.
335 984 439 1023 certe
469 985 609 1031 hercle,
643 997 715 1034 ego
745 984 776 1022 si
807 983 899 1023 scitis
929 983 1195 1031 commemini,
1227 983 1296 1022 tibi
1328 983 1527 1034 quidemst

412 1050 507 1088 olim
527 1049 625 1097 dies,

198 1128 315 1166 quam
337 1115 387 1155 aid
407 1116 519 1154 dares
540 1114 643 1162 huic,
666 1114 903 1165 praestituta.
962 1116 1055 1153 PH.
1088 1114 1244 1153 fdctum.
1304 1115 1400 1154 DO.
1432 1127 1527 1152 num

413 1194 485 1231 ego
505 1179 605 1218 istuc
626 1182 757 1230 nego?

138 1262 179 1292 40
198 1248 293 1285 AN.
325 1245 402 1284 iam
416 1245 463 1284 ea
477 1244 701 1296 praeteriit?
756 1246 852 1284 DO.
885 1245 975 1291 non,
992 1258 1129 1283 uerum
1145 1246 1243 1283 haec
1259 1244 1526 1283 ei'zintecessit.
1549 1251 1611 1288 525

412 1312 508 1350 AN.
540 1310 620 1349 non
641 1311 763 1360 pudet

199 1375 411 1414 uzinitatis?
465 1377 562 1415 DO.
594 1375 779 1421 minume,
796 1376 892 1413 dum
909 1374 961 1414 ob
982 1388 1075 1414 rem.
1138 1376 1230 1414 GE.
1261 1373 1526 1413 sterculinum.

413 1441 506 1478 PH.
540 1439 673 1487 Dorio,

200 1506 304 1544 itane
335 1506 496 1544 tandem
527 1504 654 1544 faicere
685 1506 872 1556 oportet?
927 1505 1023 1544 DO.
1070 1505 1125 1543 sic
1159 1518 1271 1543 sum:
1315 1504 1346 1542 si
1379 1506 1527 1554 placeo,

415 1572 533 1608 utere.

199 1637 294 1676 AN.
327 1636 381 1674 sic
402 1637 508 1673 hunc
528 1634 682 1685 decipi!
738 1636 835 1674 DO.
868 1636 990 1674 immo
1011 1634 1116 1674 enim
1138 1648 1242 1682 uero,
1258 1623 1448 1684 Antipho,
1466 1632 1529 1672 hic

416 1713 478 1739 me
499 1698 644 1749 decipit
661 1715 667 1738 z

199 1779 292 1805 nam
321 1765 385 1803 hic
415 1778 478 1803 me
507 1763 631 1802 scibat
661 1765 777 1802 huius
807 1764 916 1803 modi
946 1777 1041 1811 esse,
1071 1777 1144 1815 ego
1174 1765 1280 1803 hunc
1310 1776 1394 1803 esse
1420 1762 1530 1801 aliter

414 1828 563 1868 cre'didi
578 1843 588 1876 ;

139 1908 179 1939 45
199 1896 270 1933 iste
292 1908 354 1933 me
374 1893 520 1941 fefellit,
543 1907 615 1944 ego
636 1893 697 1932 isti
718 1895 798 1932 nilo
819 1907 906 1932 sum
927 1893 1036 1932 aliter
1055 1893 1100 1932 alc
1120 1893 1186 1932 fui.
1551 1894 1616 1931 530

200 1960 270 1999 se'd
290 1967 332 1998 ut
353 1966 395 1997 ut
415 1961 512 1998 haec
529 1966 630 2006 sunt,
647 1959 778 1998 tzimen
795 1961 872 1998 hoc
888 1959 1027 1998 faciam
1048 1976 1054 1999 :
1085 1960 1167 1998 creis
1189 1972 1305 1998 mane
1324 1959 1527 2009 argentum

415 2024 511 2062 mihi

201 2091 312 2129 miles
332 2090 425 2129 dare
446 2103 487 2128 se
507 2088 626 2128 dixit:
656 2089 687 2128 si
709 2097 749 2128 tu
771 2090 874 2140 prior
893 2089 1077 2144 attuleris,
1098 2088 1299 2136 Phaedria,

202 2155 289 2194 mezi
308 2157 392 2206 lege
413 2162 508 2202 utar,
531 2157 573 2193 ut
593 2153 722 2205 potior
742 2154 790 2193 sit
811 2155 878 2204 qui
898 2154 1002 2204 prior
1021 2155 1071 2193 ad
1092 2155 1317 2193 dandumst.
1376 2155 1473 2193 uale.

245 2268 308 2298 515
334 2258 531 2290 Fleckeisen:
555 2258 715 2289 obtundis
740 2257 772 2288 A
792 2270 798 2289 :
834 2257 981 2288 obtunde
1011 2260 1055 2289 Σς
1084 2261 1160 2298 pos!
1183 2263 1255 2288 orat
1281 2258 1398 2288 lmbent
1422 2258 1529 2289 Dorio

203 2302 290 2333 codd.
425 2312 488 2342 524
514 2302 600 2333 istuc
617 2305 641 2333 Σ
657 2313 664 2332 t
688 2302 776 2332 istud
794 2302 826 2332 A
960 2302 1024 2340 528
1048 2301 1153 2331 sicine
1171 2301 1333 2333 BCDGP
1419 2301 1528 2339 decipi

203 2345 420 2376 Lachmann:
450 2345 578 2386 decipis
601 2345 688 2376 codd.
844 2355 908 2385 529
932 2345 1127 2375 Fleckeisen:
1155 2345 1281 2375 sciebat
1305 2356 1381 2376 esse
1403 2344 1529 2375 ADG:

204 2400 280 2421 csse
297 2390 422 2421 sciebat
439 2392 503 2421 cett.
640 2399 703 2428 532
728 2389 900 2420 Fleckeisen
917 2400 923 2419 :
947 2389 973 2419 si
993 2388 1070 2419 mihi
1090 2389 1180 2428 prior
1197 2394 1232 2419 tu
1251 2388 1340 2420 codd.
