1773 2750
106 113 181 150 III.
205 124 234 150 v
627 115 664 151 P.
698 114 949 152 TERENTI
981 115 1112 152 AFRI

205 223 244 262 in
267 224 446 263 interiore
466 224 575 275 pz'trte
596 231 637 264 ut
658 237 838 263 maneam
860 226 966 264 solus
986 238 1076 263 cum
1099 226 1190 264 sola.
1250 225 1383 264 ddnuo

205 295 344 328 terram
379 291 534 328 intuens
566 289 754 328 modeste.
817 291 912 328 AN.
945 289 1070 328 miser.
1131 290 1222 328 CH.
1257 291 1372 339 ‘ego'
1402 289 1528 339 inquit
1548 292 1615 338 580

420 355 493 392 ‘ad
514 367 653 393 cenam
674 355 766 392 hinc
788 356 859 392 eo.'

203 417 363 457 abducit
390 431 523 457 secum
553 420 736 457 ancillas:
776 432 924 469 paucae
957 417 1058 469 quae'
1087 418 1234 457 circum
1263 417 1368 456 illam
1399 417 1529 457 esse'nt

417 491 577 522 manent

203 547 382 586 nouiciae
403 547 565 597 pue‘llae.
627 547 816 587 continuo
836 547 934 586 haec
953 549 1146 586 adornant
1166 549 1208 586 ut
1228 548 1343 585 lauet.

142 625 182 658 35
201 613 388 650 adhortor
407 620 625 662 properent.
685 614 780 651 dum
800 613 1018 663 cidparatur,
1037 614 1145 662 uirgo
1161 612 1201 650 in
1217 613 1397 651 conclaui
1417 612 1527 650 sedet

201 675 429 726 suspectans
464 677 637 715 tabulam
677 677 876 727 quandam
915 677 1059 727 pictam
1077 693 1083 716 :
1132 677 1186 715 ibi
1220 679 1343 716 inerat
1376 677 1526 727 pictura

415 741 523 788 haec,
548 743 687 780 Iouem

200 818 279 855 quo
317 805 434 856 pz'zcto
475 807 637 844 Danaae
676 806 826 845 misisse
863 806 973 844 aiunt
1011 807 1213 856 quondam
1256 806 1295 844 in
1334 806 1523 857 gremium
1546 805 1608 850 585

414 870 580 908 imbrem
607 872 779 909 aureum.

200 934 355 984 egome't
394 948 553 985 quoque
592 935 631 974 id
680 935 855 985 spectare
902 935 1025 985 coepi,
1069 943 1106 974 et
1146 937 1236 985 quia
1278 935 1522 975 consimilem

414 1001 557 1038 luserat

199 1063 275 1102 iam
297 1063 390 1102 olim
413 1065 475 1103 ille
496 1065 645 1111 ludum,
668 1063 857 1114 inpendio
878 1064 1000 1114 magis
1021 1064 1175 1104 &inimus
1197 1065 1394 1115 gaudebzit
1415 1065 1522 1113 mihi,

137 1147 180 1180 40
199 1130 317 1167 deum
339 1128 424 1167 sese
444 1128 483 1166 in
504 1128 706 1167 hominem
728 1128 970 1167 conuortisse
989 1137 1107 1179 atque
1133 1130 1173 1167 in
1193 1129 1338 1168 alienas
1358 1129 1506 1179 tegulas

198 1194 352 1232 uenisse
373 1194 619 1232 clanculum:
650 1206 718 1243 per
736 1192 911 1244 pluuiam
933 1194 1064 1231 fucum
1087 1194 1232 1232 factum
1254 1193 1415 1232 mulieri.

197 1266 235 1297 at
256 1259 374 1309 quem
396 1260 515 1297 deum
536 1262 541 1297 !
572 1258 639 1309 qui
659 1258 805 1309 te'mpla
826 1258 922 1297 caeli
943 1260 1097 1297 summa
1117 1257 1246 1297 sonitu
1267 1259 1452 1297 concutit.
1544 1268 1611 1304 590

197 1336 270 1374 ego
308 1322 523 1362 homuncio
554 1325 630 1362 hoc
665 1337 744 1362 non
777 1323 973 1362 feicerem?
993 1323 1161 1373 facerem
1193 1336 1265 1373 ego
1300 1325 1395 1362 illud
1427 1337 1520 1363 uero

412 1388 548 1428 itidem
570 1389 615 1427 alc
636 1389 786 1427 lubens.

197 1454 292 1492 dum
313 1454 410 1492 haec
431 1452 587 1492 mecum
608 1460 758 1503 reputo,
780 1452 988 1492 accersitur
1006 1453 1180 1492 laueltum
1200 1453 1347 1492 interea
1367 1455 1475 1504 uirgo
1494 1469 1501 1493 z

134 1534 175 1566 45
196 1517 249 1565 iit,
272 1518 376 1565 lauit,
399 1517 512 1557 rediit
527 1532 538 1565 5
566 1519 711 1557 deinde
731 1531 817 1556 eam
839 1517 878 1555 in
899 1519 1001 1556 lecto
1022 1519 1110 1556 illae
1129 1518 1394 1556 conlocarunt.

196 1590 257 1621 sto
283 1582 513 1633 exspectans
543 1582 574 1621 si
600 1582 697 1632 quid
724 1582 777 1620 mi
806 1583 1007 1632 imperent.
1067 1582 1175 1621 uenit
1199 1585 1288 1630 una,
1310 1584 1428 1622 ‘heus
1459 1587 1521 1623 tu'

411 1647 537 1697 inquit
561 1648 701 1694 ‘D6re‚

195 1725 292 1762 cape
312 1712 388 1751 hoc
409 1713 618 1759 flabellum,
642 1711 848 1750 uentulum
868 1712 960 1751 huic
981 1712 1036 1750 sic
1056 1712 1184 1759 facito,
1203 1714 1298 1752 dum
1319 1714 1496 1753 laudmus
1510 1730 1520 1763 3
1541 1724 1604 1760 595

195 1777 261 1815 ubi
283 1777 354 1816 nos
375 1776 594 1823 latuerimus,
619 1778 651 1815 si
670 1778 790 1824 uoles,
813 1777 967 1816 lanato]
1023 1777 1174 1828 accipio
1194 1779 1320 1817 tristis.

194 1842 290 1881 AN.
323 1849 405 1880 tum
433 1841 615 1892 equidem
640 1843 738 1880 istuc
765 1855 809 1881 os
836 1849 946 1881 tuom
974 1843 1169 1893 inpudens
1197 1843 1329 1883 uidere
1353 1844 1518 1884 nimium

409 1906 563 1954 uellem,

135 1990 175 2023 50
194 1971 261 2022 qui
282 1970 382 2010 esse't
403 1979 536 2019 statuS,
559 1971 800 2011 flabe'llulum
822 1971 954 2011 tenere
974 1980 1012 2012 te
1031 1972 1185 2012 asinum
1206 1974 1368 2012 tzintum.

196 2038 286 2076 CH.
318 2037 382 2075 uix
403 2036 594 2076 elocutast
614 2037 701 2083 hoc,
724 2038 824 2075 foras
846 2037 961 2075 simul
982 2038 1119 2077 omnes
1139 2040 1327 2088 proruont
1347 2052 1399 2086 se,

237 2143 300 2182 588
326 2142 498 2172 hominem
514 2141 621 2173 codd:
637 2151 755 2172 aurum
778 2140 829 2171 uel
849 2142 994 2181 pretium
1020 2141 1150 2182 Bentley
1282 2143 1347 2182 589
1371 2142 1517 2182 pluuiam

193 2185 343 2226 Bentley:
369 2185 566 2225 impluuium
583 2184 670 2216 codd.
795 2195 860 2224 590
884 2195 944 2215 suo
962 2190 1043 2215 nutu
1062 2185 1171 2225 quatit
1184 2186 1262 2216 com‘.
1283 2185 1414 2226 Bentlev
1430 2187 1518 2217 lucu-

193 2229 272 2260 lente
283 2228 340 2259 sed
347 2230 416 2260 sine
426 2239 524 2260 causa
614 2237 675 2268 591
701 2227 874 2259 Fleckeisen
891 2240 897 2259 :
921 2239 985 2266 ego
997 2229 1178 2259 homuncio
1193 2240 1258 2259 non
1273 2229 1336 2260 hoc
1350 2230 1494 2261 facerem
1507 2233 1516 2262 ἲ

193 2283 257 2311 ego
275 2272 354 2303 illud
373 2283 453 2303 uero
472 2273 516 2303 ita
534 2273 597 2303 feci
614 2271 702 2304 codd.
720 2271 863 2312 plerique
878 2283 884 2302 :
909 2272 971 2302 hoc
989 2272 1167 2302 homuncio
1185 2272 1263 2303 D¹L
1396 2283 1459 2313 593
1483 2274 1516 2304 in

192 2316 280 2346 lecto
298 2316 374 2346 illae
388 2316 475 2346 DL:
500 2317 533 2346 in
552 2315 674 2346 lectulo
692 2315 724 2345 A
744 2327 750 2346 ε
776 2316 808 2345 in
830 2314 952 2346 lectum
975 2315 1052 2346 illae
1076 2319 1139 2346 cett.
1278 2325 1341 2355 595
1366 2315 1517 2348 lauamus

195 2358 330 2390 CEFP:
356 2360 508 2390 lauamur
523 2363 587 2390 cett.
725 2359 788 2398 598
814 2358 1012 2389 flabellulum
1033 2359 1150 2399 Gnyet:
1175 2359 1341 2390 flabellum
1359 2359 1446 2391 codd.
