1773 2750
633 113 672 149 P.
706 111 958 149 TERENTI
991 110 1123 147 AFRI

161 242 196 264 10
215 226 374 264 easdem
395 225 507 275 agere
528 223 651 274 coepi,
675 230 716 261 ut
737 223 787 261 ab
808 222 950 261 eodem
975 221 1069 260 alias
1091 221 1282 260 discerem

214 291 349 337 nouas,
373 289 558 336 studiose,
583 288 632 327 ne‘
653 287 762 326 illum
783 287 833 326 ab
855 286 986 325 studio
1007 287 1256 325 abducerem.

212 355 355 406 perfe'ci
379 363 419 393 ut
440 354 730 405 spectarentur:
761 352 828 391 ubi
850 359 940 391 sunt
961 351 1153 403 cognitae,

212 420 378 470 placitae
398 426 499 458 sunt.
558 419 612 457 ita
631 414 790 468 poetam
812 417 961 456 restitui
982 418 1022 455 in
1043 418 1175 456 locum

212 498 334 535 prope
355 484 432 522 irim
453 490 649 522 remotum
669 481 810 520 iniuria
829 481 1101 521 aduorsariurn

156 564 194 596 15
213 552 263 590 ab
284 549 415 589 studio
435 556 554 598 atque
574 548 625 586 ab
646 547 778 586 labore
798 554 917 597 atque
937 554 1018 585 arte
1040 545 1199 584 musica.

215 617 324 666 quod
346 616 378 653 si
399 613 630 664 scripturam
653 611 887 663 spreuissem
909 611 948 649 in
970 610 1191 661 praesentia

214 689 252 720 et
273 681 312 719 in
333 679 569 719 deterrendo
590 677 804 716 noluissem
826 690 986 727 operam
1008 679 1171 723 sumere,

214 754 256 784 ut
277 746 317 784 in
338 744 419 784 otio
440 751 541 783 esset
562 743 692 794 potius
713 756 832 793 quam
853 742 894 780 in
916 741 1097 792 negotio:

215 810 491 851 deterruissem
512 809 624 847 facile
644 822 695 847 ne
715 808 809 846 alias
832 808 1026 846 scriberet.

159 892 197 913 ιο
216 889 321 914 nunc
342 876 438 925 quid
459 882 602 925 petam,
626 886 714 911 mea
734 875 852 911 causa
872 885 1001 922 aequo
1021 871 1155 910 animo
1175 870 1377 910 attendite.

217 942 416 990 Hecyram
438 939 488 978 ad
508 951 581 977 uos
601 939 737 985 refero⁷
760 937 879 988 quarn
901 936 997 975 mihi
1017 950 1085 987 per
1106 935 1304 975 silentium

215 1018 433 1055 numquam
454 1004 567 1054 agere
587 1002 776 1042 licitumst
793 1017 800 1040 ε
830 1003 883 1041 ita
904 1015 991 1041 eam
1012 1001 1205 1052 oppressit
1226 1000 1436 1040 calamitas.

215 1084 302 1110 eam
323 1069 586 1108 calamitatem
607 1069 740 1125 uostra
760 1067 1027 1119 intellegentia

215 1135 378 1183 sedabit,
403 1135 434 1173 si
455 1134 526 1174 erit
546 1134 713 1173 adiutrix
734 1141 890 1173 nostrae
911 1132 1136 1172 industriae.

159 1217 196 1248 25
215 1213 337 1251 quom
358 1201 528 1250 primum
550 1212 636 1238 eam
657 1212 770 1249 agere
792 1197 917 1248 coepi,
941 1197 1117 1248 pugilum
1138 1196 1270 1248 gloria,

217 1264 452 1319 [funambuli
474 1266 616 1303 eodem
637 1263 801 1303 accessit
821 1261 1077 1316 exspectatio]

215 1331 406 1370 comitum
427 1337 659 1377 conuentus,
683 1329 877 1380 strepitus,
901 1330 1049 1367 clamor
1070 1328 1277 1367 mulierum

216 1395 343 1435 fece're
363 1403 405 1434 ut
426 1402 517 1434 ante
538 1395 693 1445 te'mpus
715 1394 859 1433 exirem
880 1395 992 1432 foras.

219 1468 350 1500 uetere
370 1461 410 1498 1'n
431 1473 535 1499 noua
556 1459 668 1510 coepi
691 1459 745 1498 uti
768 1459 1070 1506 consuetudine,

158 1540 202 1572 30
218 1526 258 1565 in
280 1526 521 1577 experiundo
543 1533 584 1563 ut
606 1525 755 1564 essem:
785 1526 909 1564 refero
930 1524 1075 1563 denuo.

218 1591 344 1642 primo
365 1591 454 1630 actu
475 1592 629 1643 placeor
684 1603 806 1641 quom
828 1591 974 1629 interea
995 1590 1126 1629 rumor
1147 1589 1255 1628 uenit

217 1659 354 1696 datum
376 1657 419 1696 iri
439 1657 683 1708 gladiatores,
708 1657 877 1706 populus
899 1656 1095 1702 conuolat,

217 1724 504 1761 tumultuantur
524 1721 695 1760 clamant
716 1728 893 1772 pugnant
915 1721 965 1760 de
985 1722 1097 1759 loco:

217 1801 291 1839 ego
311 1787 459 1826 interea
480 1800 613 1826 meum
635 1800 716 1826 non
739 1786 850 1837 potui
873 1787 988 1825 tutari
1009 1787 1151 1825 locum.

158 1865 198 1898 35
217 1867 324 1892 nunc
344 1853 458 1892 turba
477 1866 558 1891 non
579 1860 660 1891 est:
692 1851 816 1891 otium
838 1860 876 1891 et
898 1850 1156 1890 silentiumst:

217 1918 360 1969 agendi
379 1926 535 1968 tempus
556 1917 652 1956 mihi
674 1918 848 1957 datumst
863 1932 873 1965 3
903 1917 1018 1955 uobis
1039 1917 1153 1954 datur

218 1983 390 2034 potestas
411 1982 704 2022 condecorandi
726 1983 842 2021 ludos
864 1981 1076 2020 scaenicos.

219 2050 340 2087 nolite
360 2048 486 2086 sinere
506 2047 575 2098 per
596 2061 667 2086 uos
688 2055 812 2086 artem
834 2046 1024 2085 musicam

220 2114 392 2153 recidere
412 2115 463 2152 ad
483 2126 632 2164 paucos
649 2129 655 2151 :
681 2112 801 2151 facite
821 2120 864 2150 ut
884 2118 1016 2151 uostra
1036 2109 1245 2149 auctoritas

160 2193 204 2225 40
222 2192 333 2217 meae
353 2178 573 2217 aucto'ritati
595 2177 735 2215 fautrix
755 2176 1002 2226 adiutrixque
1023 2175 1080 2213 sit.

265 2294 306 2323 34
327 2289 446 2323 proscr.
480 2282 649 2322 Grautoff:
682 2287 744 2322 pro
770 2282 914 2312 accessit
941 2280 1014 2320 legit
1043 2280 1210 2311 accedens
1240 2278 1371 2317 Bentley

222 2327 389 2359 actoritati
406 2327 581 2358 Fleckeisen

1564 361 1608 386 20

1566 685 1608 720 25

1567 1010 1612 1044 30

1567 1341 1609 1378 35

1568 1667 1614 1699 4ο

1569 1988 1612 2025 45
