1773 2750
119 110 172 147 ΙΙ.
193 110 237 146 iii
614 112 653 148 Ι).
686 112 937 150 TERENTI
970 113 1099 149 AFRI

195 220 270 258 eho
291 222 465 268 sceleste,
488 222 568 271 qud
589 221 693 260 illam
716 221 856 261 ducis?
912 222 993 259 SJ'.
1026 222 1105 271 qud
1126 235 1198 272 ego
1218 222 1353 260 illam?
1381 224 1431 260 ad
1448 236 1520 260 nos

408 285 566 324 scilicet.

198 350 340 388 CLJT.
362 350 412 389 aid
427 352 660 400 patremne?
711 351 793 389 SY.
815 351 866 389 ad
882 363 972 389 eum
989 352 1128 401 ipsum.
1192 352 1334 390 CLIT.
1358 364 1382 389 ο
1397 351 1520 390 homi-

407 415 467 454 nis
488 417 746 466 inpudentem
768 415 996 454 audaciam!
1055 418 1137 455 ΒΥ.
1169 418 1277 464 heus,

193 480 273 518 n6n
295 481 337 518 fit
356 480 440 519 sine
460 482 606 530 periclo
627 480 777 519 facinus
798 480 984 530 mizgnum
1005 494 1078 518 nec
1099 481 1364 519 memora'tbile.

198 546 341 584 CLJT.
373 546 449 584 hdc
469 545 584 584 uide:
614 545 654 583 in
682 559 770 583 mea
789 546 869 583 uita
896 545 966 583 tibi
987 552 1028 583 tu
1048 547 1205 584 laudem
1226 546 1257 584 is
1284 546 1520 596 quaesitum,
1540 552 1604 588 315

408 611 534 648 scelus
548 612 564 647 ?

136 688 173 722 75
193 673 261 711 ubi
283 673 314 711 si
334 675 537 724 paululum
558 676 679 713 modo
699 674 794 724 quid
816 682 854 712 te
873 674 1022 724 fugerit,
1045 687 1118 724 ego
1137 673 1328 723 pe'rierim.

193 739 290 789 quid
316 739 382 777 illo
406 739 553 778 facias?
610 741 693 779 SY.
725 740 762 778 ait
789 739 892 779 enim
917 771 923 778 .
948 771 955 778 .
979 771 986 778 .
1049 741 1192 779 CLJT.
1223 740 1319 789 quid
1343 740 1521 778 ‘enin-1²?

409 805 490 843 ΞΥ.
522 805 554 842 si
574 804 688 852 sinas,
711 804 852 843 dicz'im.
916 805 1065 843 CLIN.
1097 803 1191 842 sine.

199 870 341 908 CLIT.
373 870 470 907 sino.
528 871 611 908 SY.
642 870 695 908 ita
723 883 783 908 res
812 877 870 908 est
899 869 996 908 haec
1026 883 1130 907 nunc
1161 869 1271 919 quasi
1301 883 1422 919 quom
1449 901 1456 907 .
1481 901 1487 908 .
1512 901 1518 908 .

413 935 554 973 CLIT.
587 934 683 983 queis
704 935 851 972 malum
871 933 1055 984 ambages
1076 934 1173 972 mihi

193 998 345 1037 na'rrare
373 999 545 1048 occipit?
605 999 754 1037 CLIN.
785 999 889 1048 Syre,
914 1012 1050 1037 uerum
1077 998 1140 1037 hie
1169 999 1287 1038 dicit:
1322 998 1442 1046 mitte,
1469 1001 1520 1038 ad

409 1064 490 1101 re'm
510 1062 604 1101 redi.

193 1129 226 1166 S
237 1129 275 1166 Y.
307 1126 412 1166 enim
432 1140 526 1166 uero
546 1126 704 1166 retice're
724 1140 880 1177 nequeo
897 1142 903 1165 :
934 1127 1176 1166 multimodis
1196 1128 1369 1175 iniurius,
1540 1139 1607 1174 320

134 1205 175 1235 80
194 1192 379 1242 Clitipho,
403 1205 444 1231 es
464 1205 593 1242 neque
613 1191 700 1231 ferri
720 1192 826 1242 potis
843 1205 895 1231 es.
958 1193 1108 1232 CLIN.
1129 1193 1375 1232 audiundum
1390 1194 1521 1232 hercle

409 1257 476 1305 est,
500 1265 596 1296 tace.

194 1323 276 1361 SY.
308 1323 366 1360 uis
386 1336 526 1369 amare,
550 1323 608 1361 uis
630 1322 758 1372 potiri,
778 1324 836 1361 uis
858 1324 966 1373 quod
986 1324 1056 1362 des
1077 1322 1131 1360 illi
1151 1322 1250 1361 effici
1268 1337 1275 1368 ;

194 1389 303 1425 ttiom
343 1401 427 1425 esse
470 1388 510 1425 in
554 1387 749 1437 potiundd
794 1387 982 1438 periclum
1022 1388 1102 1426 nc'm
1136 1386 1195 1425 uis
1212 1403 1218 1425 :
1267 1388 1373 1427 haud
1405 1387 1522 1426 stulte

409 1451 511 1502 sapis
526 1467 536 1499 3

193 1517 388 1567 siquidem
413 1516 453 1555 id
474 1525 645 1567 saperest
669 1516 770 1555 ue'lle
790 1524 828 1555 te
848 1516 888 1555 id
904 1517 1013 1566 quod
1032 1517 1113 1555 nc'm
1134 1523 1262 1566 potest
1283 1517 1520 1567 contingere.

193 1584 260 1620 aut
280 1583 376 1621 haec
404 1595 494 1620 cum
518 1582 592 1620 illis
617 1584 707 1620 sunt
733 1581 918 1620 habenda
943 1589 1009 1620 aut
1045 1583 1108 1619 ssla
1134 1595 1224 1620 cum
1245 1581 1305 1620 his
1330 1581 1522 1620 mittenda
1542 1592 1605 1629 325

409 1654 509 1685 sunt.

135 1724 175 1763 85
195 1712 332 1750 hairum
354 1713 519 1751 duarum
540 1712 821 1751 cdndieionum
843 1714 948 1750 minc
968 1719 1094 1750 utram
1115 1712 1225 1750 malis
1246 1711 1337 1750 uide
1352 1727 1361 1759 3

196 1777 267 1816 etsi
287 1777 495 1816 eonsilium
516 1778 625 1827 quod
645 1777 732 1828 cepi
753 1777 902 1816 rectum
923 1790 1008 1816 esse
1028 1785 1066 1816 et
1086 1778 1215 1815 tutum
1236 1776 1328 1815 scio.

194 1855 286 1880 nam
307 1843 411 1892 aipud
433 1849 582 1892 patrem
603 1849 670 1880 tua
685 1842 811 1880 amica
831 1849 962 1880 tecum
983 1842 1066 1879 sine
1087 1848 1194 1879 metu
1211 1848 1253 1878 ut
1273 1840 1321 1878 sit
1342 1840 1502 1890 cdpiast.

194 1910 278 1946 tum
295 1908 403 1957 quod
419 1907 473 1945 illi
488 1914 692 1957 argentum
709 1907 749 1945 es
765 1906 972 1957 pollicitus,
988 1907 1126 1945 eaidem
1141 1907 1214 1944 hac
1229 1904 1428 1943 inueniam
1446 1904 1520 1952 uia,

195 1973 303 2022 qu6d
324 1980 365 2011 ut
385 1973 580 2011 efficerem
601 1972 751 2011 oraindo
772 1973 908 2010 surdas
929 1971 1005 2009 iam
1026 1971 1128 2009 auris
1148 1970 1373 2009 reddideras
1394 1969 1502 2008 mihi.
1542 1982 1610 2016 330

132 2056 176 2088 90
195 2038 291 2087 quid
311 2037 418 2076 aliud
439 2037 509 2075 tibi
530 2038 619 2075 uis?
680 2038 824 2076 CLIT.
856 2035 1050 2085 siquidem
1078 2036 1154 2072 hoc
1181 2035 1234 2072 fit.
1293 2035 1325 2073 S
1337 2035 1375 2072 Y.
1408 2033 1522 2083 siqui-

410 2102 532 2140 dem?
561 2100 801 2151 experiundd
822 2100 931 2138 scies.

200 2167 343 2206 CLIT.
375 2167 445 2217 :ige
474 2179 555 2217 age,
579 2167 679 2205 cedo
708 2165 807 2204 istuc
837 2165 947 2204 tuc'2m
977 2164 1208 2204 consilium:
1243 2164 1338 2214 quid
1368 2163 1408 2202 id
1438 2164 1524 2202 est?

411 2233 443 2271 S
455 2233 493 2270 Y.
524 2230 848 2269 adsimukibimus
1053 2244 1056 2246 ’

241 2345 304 2375 315
327 2341 363 2366 tu
396 2336 453 2366 tibi
483 2334 597 2366 cocld.:
622 2338 660 2367 tr.
678 2333 850 2365 Fleckeisen
1020 2343 1086 2373 320
1117 2332 1320 2363 multimodis
1351 2332 1520 2363 Fui‘rnns:

199 2379 308 2410 multis
327 2378 435 2409 modis
451 2377 540 2409 codd.
677 2386 737 2416 321
765 2378 852 2417 potis
870 2386 906 2408 es
924 2376 1089 2408 Faernus:
1115 2377 1205 2416 potis
1221 2376 1253 2407 A
1270 2387 1276 2406 :
1303 2380 1415 2416 potest
1432 2378 1496 2406 cett.
