1773 2750
128 94 217 131 II.i
620 94 659 130 P.
693 93 945 131 TERENTI
977 95 1110 131 AFRI

204 216 296 242 nam
317 205 412 254 quid
433 217 495 242 me
516 203 555 242 in
576 205 650 242 hae
671 217 710 242 re
731 204 856 243 facere
878 205 1036 244 uoluisti
1057 205 1156 244 tibi?

203 282 359 308 seruom
380 268 582 308 hdminem
603 282 760 308 causam
782 270 890 309 orzire
910 271 1014 321 leges
1035 271 1115 310 ndn
1137 270 1269 309 sinunt

203 346 332 384 neque
353 333 551 373 testimoni
571 333 739 373 dictiost.
797 337 895 373 DE.
930 335 1042 374 mitto
1064 336 1206 375 6mnia.

203 399 256 437 do
276 398 376 437 istuc
399 398 635 449 ‘inprudens
658 399 787 437 timuit
808 399 1040 438 adulescens
1056 402 1063 417 ⁷
1079 415 1089 447 3
1120 400 1207 438 sino

142 465 182 507 65
204 465 268 501 ‘tu
289 462 434 502 se'ruo’s
448 465 455 480 ⁷
470 477 480 510 ‚·
509 477 646 502 uerum
668 465 700 502 si
721 471 924 514 cognatast
946 466 1139 511 mdxume,
1552 480 1616 516 295

201 540 282 566 non
303 529 374 566 fust
394 541 555 567 necesse
575 527 720 567 habere
735 543 745 576 3
774 529 844 567 sed
865 528 905 567 id
927 530 1034 578 quod
1056 529 1116 568 le'x
1140 529 1260 577 iubet,

201 591 336 631 dotem
356 593 510 640 daretis,
532 592 733 643 quaereret
754 593 874 632 alium
895 593 1033 632 uirum.

200 670 278 707 qua
298 657 447 697 mitione
466 658 626 708 inopem
647 658 776 708 p6tius
797 659 967 697 ducebzit
988 660 1182 698 domum?

204 722 294 761 GE.
319 735 398 761 non
419 722 516 761 nitio
536 736 673 762 uerum
694 722 898 774 argentum
920 724 1062 762 deerat.
1122 726 1220 763 DE.
1255 726 1425 764 Sumeret

140 793 180 828 70
197 785 391 826 alicunde.
455 788 545 827 GE.
576 787 789 826 alicunde?
817 789 871 825 nil
892 795 949 826 est
970 787 1078 826 dictu
1099 788 1258 827 facilius.
1552 804 1620 839 300

197 851 295 889 DE.
329 850 527 901 postremo
548 851 580 890 si
600 853 709 889 nullo
729 850 805 889 zilio
832 859 959 901 pacto,
982 851 1150 890 faenore.

202 915 293 954 GE.
326 915 404 962 hui,
428 915 523 954 dixti
543 916 729 965 pulchre!
766 915 962 965 siquidem
985 915 1193 966 quisquam
1215 915 1389 956 cre'deret

198 986 236 1018 te
256 980 360 1019 uiuo.
418 981 518 1019 DE.
550 994 642 1028 non,
665 993 745 1019 non
767 981 822 1019 sic
842 981 1076 1019 futurumst:
1107 981 1187 1020 nc'm
1208 988 1347 1032 potest.

198 1058 299 1095 egon
320 1046 424 1084 illam
447 1059 538 1085 cum
558 1045 624 1085 illo
645 1053 688 1085 ut
707 1046 830 1096 peitiar
851 1054 1014 1097 nuptam
1036 1048 1159 1086 unum
1180 1046 1315 1086 diem?

140 1119 178 1153 75
198 1109 252 1148 nil
272 1109 394 1149 sudue
414 1110 644 1150 meritumst.
703 1110 907 1150 hdminem
932 1111 1260 1151 conmonstrzirier
1551 1128 1616 1164 305

198 1174 251 1213 mi
273 1174 390 1214 istum
411 1177 504 1215 uolo
519 1183 587 1215 aut
605 1175 675 1215 ubi
695 1175 845 1215 habitet
866 1176 1178 1216 demonstrerier.

202 1241 293 1280 GE.
325 1253 469 1291 nempe
489 1240 801 1281 Ph6rmionem?
856 1242 955 1279 DE.
987 1241 1104 1279 istum
1119 1248 1328 1291 patronum
1345 1242 1527 1282 mulieris.

202 1307 293 1345 GE.
326 1305 403 1344 iarn
435 1306 523 1345 fa'txo
554 1306 618 1345 hie
651 1306 785 1346 aderit.
858 1308 958 1345 DE.
991 1296 1170 1357 Antipho
1201 1307 1269 1346 ubi
1301 1321 1407 1347 nunc
1440 1307 1530 1347 est?

417 1372 509 1411 GE.
541 1371 644 1410 foris.

197 1437 295 1474 DE.
327 1435 403 1484 abi,
419 1436 622 1485 Phaedria,
638 1451 729 1476 eum
746 1439 897 1488 require
912 1445 1030 1488 atque
1046 1429 1123 1477 hue
1139 1439 1281 1478 adduc.
1339 1439 1433 1477 PH.
1456 1450 1504 1477 eo
1521 1453 1527 1476 :

138 1507 179 1537 80
197 1501 302 1540 rectit
322 1501 385 1541 uia
401 1501 562 1552 quidem
583 1503 684 1541 ssluc.
748 1504 839 1543 GE.
871 1516 1014 1553 nempe
1034 1504 1085 1542 ad
1106 1502 1364 1554 Psimphilam.
1548 1523 1617 1558 310

196 1568 295 1606 DE.
328 1580 400 1617 ego
421 1567 518 1606 deds
538 1566 690 1617 penatis
710 1568 803 1606 hine
824 1569 1033 1606 salutatum
1055 1569 1220 1607 domum

197 1632 380 1671 deu6rtar
398 1646 407 1680 3
435 1631 529 1671 inde
549 1632 616 1671 ibo
636 1632 687 1672 a'td
707 1633 834 1671 forum
855 1640 974 1683 atque
993 1633 1156 1683 aliqu6d
1176 1631 1273 1671 mihi

197 1697 346 1736 amicos
365 1696 574 1736 aduocabo
593 1698 645 1736 ad
665 1698 767 1736 hanc
788 1711 869 1736 rem
891 1698 959 1748 qui
980 1697 1145 1745 zidsient,

197 1768 240 1800 ut
260 1775 310 1801 ne
330 1762 528 1813 inparatus
549 1762 624 1801 sim
643 1761 675 1801 si
695 1762 828 1801 ueniat
850 1762 1048 1802 Phc'irmio.

596 1889 864 1927 PHORMIO
976 1891 1127 1927 GETA

155 1984 184 2023 ii
201 1986 294 2025 PH.
326 1974 438 2025 stane
476 1984 594 2036 patris
632 1983 688 2025 a'i's
722 1992 980 2037 conspectum
1019 1985 1186 2025 ueritum
1226 1985 1317 2024 hinc
1355 1985 1529 2026 abiisse?
1548 1999 1612 2036 315

419 2051 509 2090 GE.
541 2051 769 2090 admodum.

243 2164 305 2194 294
330 2154 372 2185 do
397 2153 596 2186 Fleckeisen:
624 2155 711 2186 addo
736 2154 769 2184 A
789 2166 794 2185 :
821 2155 908 2186 adde
934 2158 957 2185 Σ
981 2158 1010 2185 cl
1032 2154 1120 2186 Dou.
1148 2155 1183 2185 in
1206 2155 1318 2186 lemni.
1463 2166 1526 2195 302

199 2197 256 2228 hui
274 2198 383 2237 infine
398 2208 427 2229 ν.
443 2207 504 2236 3οΙ
524 2201 553 2229 et
568 2197 653 2229 dixti
671 2197 788 2229 liabent
804 2198 892 2229 codd.
911 2209 916 2228 :
942 2202 1065 2239 transp.
1086 2197 1259 2230 Fleckeisen
1278 2210 1284 2228 :
1309 2198 1394 2240 uolg.
1413 2198 1526 2230 dixisti

194 2246 256 2282 pro
272 2241 355 2272 dixti
373 2241 485 2282 legunt
498 2241 569 2274 edd.
701 2251 766 2281 309
790 2242 854 2273 huc
871 2242 980 2273 adduc
996 2241 1029 2272 Α
1047 2253 1053 2272 ;
1077 2242 1206 2273 adduce
1224 2242 1290 2272 hue
1308 2245 1332 2273 Σ
1462 2252 1527 2282 314

200 2284 227 2315 si
251 2285 364 2315 ueniat
388 2284 446 2315 A:
471 2294 545 2316 cum
572 2285 733 2316 adueniat
765 2288 812 2316 2:
845 2296 945 2324 quom
970 2285 1130 2316 adueniet
1156 2285 1332 2317 Fleckeisen
1463 2295 1528 2324 315

201 2332 422 2368 conspectum
436 2338 510 2358 cum
524 2327 676 2359 BCEFP
684 2331 712 2359 et
726 2327 813 2360 Don.
835 2328 883 2360 bis
898 2329 932 2360 in
949 2328 1059 2360 lemm.
1074 2328 1208 2370 Bentley
1223 2341 1230 2361 :
1251 2330 1437 2362 aduentum
1451 2339 1529 2360 cum

202 2375 264 2403 cett.
290 2371 508 2413 Umpfinbaclz
524 2375 555 2404 et
570 2371 656 2413 uolg.
