1773 2750
709 109 1016 146 ADELPHOE
1451 109 1518 145 IV.
1540 118 1571 144 v

201 221 231 259 si
253 221 366 259 frater
385 228 451 258 aut
472 219 616 258 soda'tlis
636 226 748 265 esset,
772 219 839 268 qui
860 217 981 268 magis
1003 231 1151 256 morem
1172 220 1349 268 geiseret?

200 284 264 323 hic
285 285 365 324 nc'm
385 285 625 323 amandust?
662 282 792 321 hicine
813 296 892 321 non
913 282 1124 332 gesta'indus
1145 282 1185 320 in
1206 282 1362 321 simist?
1418 283 1519 321 hcm.
1545 292 1582 327 75

114 365 184 399 710
200 349 332 399 itaque
352 349 452 388 aideo
472 361 654 398 magnam
675 346 728 385 mi
749 346 856 385 inicit
877 361 947 385 sua
966 347 1249 386 commoditate
1269 349 1412 392 curam,

201 427 250 452 ne
270 413 482 463 inprudens
503 413 600 451 forte
621 411 760 450 fficiam
781 412 889 461 quod
911 412 1031 450 nolit:
1062 411 1188 450 sciens
1209 411 1371 450 canobo.

200 478 268 516 sed
289 480 399 516 66550
419 476 472 516 ire
492 476 603 524 intro,
620 477 668 515 ne?
685 489 816 515 morae
837 475 933 514 meis
954 475 1100 526 nuptiis
1116 476 1270 526 egomcit
1291 475 1417 514 siem?

762 593 959 629 DEMEA
1542 592 1586 628 vi

199 673 296 710 DE.
330 672 516 711 Defe'ssus
536 684 623 710 sum
643 671 908 710 ambulando:
939 678 991 718 ut,
1015 672 1118 721 Syre,
1142 678 1179 710 te
1199 673 1289 709 cum
1311 678 1377 709 tua

200 737 480 776 monstratione
501 736 665 787 maignus
687 738 823 788 perdat
846 736 1022 787 Iuppiter
1042 739 1048 774 1

113 817 178 854 715
198 801 416 853 perffiptaui
437 816 561 853 usque
577 816 695 841 omne
711 802 901 852 oppidum
922 817 928 840 :
958 803 1008 841 ad
1024 809 1188 852 portam,
1203 802 1253 840 z'td
1274 803 1413 848 lacum,

198 881 277 918 quo
298 868 408 907 non?
436 881 566 918 neque
586 867 732 906 fabrica
752 867 805 906 illi
827 868 904 906 ulla
924 874 1004 907 erat
1024 880 1098 906 nec
1118 867 1273 906 fraitrem
1294 868 1415 906 homo

197 932 342 972 uidisse
363 946 404 972 se
423 933 529 972 aibat
549 934 767 984 quisquam.
827 946 932 971 nunc
953 933 1046 972 uero
1067 932 1176 971 domi
1541 941 1558 971 .-·>

197 1005 346 1037 certum
367 997 547 1038 o'bsidere
567 1005 625 1037 est
646 1000 780 1048 usque,
799 999 927 1037 donec
947 997 1112 1037 rodierit.

624 1121 800 1158 Mlclo
893 1120 1091 1156 DEMEA
1539 1128 1599 1166 vii

195 1202 281 1239 Ml.
315 1201 399 1248 Ibo,
423 1200 496 1239 illis
517 1199 645 1239 dicam
666 1201 813 1237 nullam
834 1212 919 1237 esse
939 1198 978 1236 in
999 1199 1113 1236 nobis
1134 1211 1294 1237 moram.

112 1277 180 1310 720
196 1267 294 1304 DE.
331 1266 400 1304 sed
421 1278 558 1304 eccum
580 1265 718 1315 ipsum.
777 1271 815 1302 te
835 1263 912 1301 iam
933 1264 1084 1302 dudum
1106 1276 1262 1313 quaero,
1287 1262 1420 1301 Micio.

196 1331 282 1369 Ml.
315 1330 410 1380 quid
431 1330 551 1368 naim?
608 1331 706 1367 DE.
741 1329 822 1367 fero
844 1328 919 1367 alia
939 1327 1083 1377 flaigitia
1102 1328 1153 1367 ad
1174 1335 1212 1366 te
1233 1326 1405 1378 ingontia

196 1395 289 1434 boni
311 1395 411 1433 ilh'us
431 1393 703 1434 adulesce'mtis.
763 1394 849 1431 ΜΖ.
879 1406 970 1431 6666
989 1391 1121 1431 autom
1142 1395 1148 1430 Ξ
1205 1394 1303 1430 DE.
1333 1405 1447 1437 noua,

195 1459 383 1510 capitzilia.
433 1461 518 1498 Ml.
542 1460 618 1498 ohe
635 1459 736 1497 iam!
784 1458 877 1496 DE.
902 1457 1027 1496 noscis
1044 1457 1111 1507 qui
1132 1456 1189 1495 uir
1210 1458 1268 1496 sit.
1317 1457 1403 1495 Ml.
1426 1455 1517 1495 scio.
1540 1474 1557 1504 5

195 1526 292 1563 DE.
325 1538 348 1562 a
367 1525 494 1571 stulte,
517 1531 558 1562 tu
579 1525 629 1563 de
646 1522 803 1574 psziltria
824 1537 886 1561 me
908 1522 1079 1561 somnias

110 1603 174 1641 725
194 1603 307 1640 agere
327 1605 333 1628 :
363 1590 440 1628 hoc
460 1596 665 1640 peccatum
686 1588 726 1627 in
748 1588 975 1639 uirginemst
996 1586 1135 1626 ciue'm.
1194 1588 1281 1625 Ml.
1308 1586 1399 1626 scio.

194 1655 292 1692 DE.
325 1655 414 1701 0h0‚
438 1655 513 1693 scis
533 1662 572 1693 et
591 1655 752 1704 patere?
822 1654 908 1692 Ml.
942 1653 1037 1703 quid
1058 1651 1098 1690 ni
1119 1651 1271 1703 patiar?
1327 1652 1425 1690 DE.
1456 1652 1519 1690 die

408 1718 514 1766 mihi,

194 1797 274 1823 non
296 1785 473 1823 clamas?
502 1797 582 1823 non
603 1783 779 1822 insanis?
834 1784 920 1821 Ml.
953 1795 1034 1821 non
1054 1796 1060 1820 ε
1092 1783 1223 1820 malim
1245 1781 1459 1832 quidem—

193 1849 287 1887 DE.
320 1862 415 1899 puer
444 1848 584 1887 nzitust.
643 1849 728 1887 Ml.
761 1847 801 1887 di
823 1848 924 1887 bene
954 1848 1134 1887 u6rtant!
1189 1848 1288 1886 DE.
1321 1846 1430 1896 uirgo
1464 1847 1517 1885 nil
1543 1861 1579 1883 10

408 1914 536 1952 habet.

192 1981 277 2018 ML
309 1979 454 2018 audiui.
513 1980 611 2018 DE.
644 1986 681 2017 et
701 1979 884 2017 ducenda
905 1979 1126 2017 indotatast.
1186 1979 1271 2016 Ml.
1305 1977 1461 2016 scilicet.

108 2053 175 2090 730
192 2045 289 2082 DE.
313 2044 408 2094 quid
425 2047 531 2083 nune
544 2045 782 2083 futurumst?
837 2044 923 2081 ΛΠ
947 2043 987 2081 1'd
1001 2042 1106 2082 enim
1124 2044 1232 2093 quod
1249 2056 1308 2082 res
1325 2043 1408 2093 ipsa
1421 2044 1491 2082 fert
1509 2057 1516 2080 ι

238 2158 298 2187 709
321 2148 484 2179 amandus
500 2147 534 2178 A
552 2159 559 2178 ι
583 2148 746 2178 amandus
762 2151 812 2177 cst
830 2150 852 2177 Σ
1030 2156 1092 2185 710
1117 2146 1209 2177 inicit
1228 2146 1380 2186 Bentley:
1404 2146 1517 2177 iniecit

191 2190 279 2221 codd.
390 2202 447 2230 711
474 2191 660 2231 inprudens
677 2191 761 2222 sorte
778 2190 910 2230 Bentley
925 2201 931 2220 ε
957 2190 1042 2220 forte
1060 2190 1258 2229 imprudens
1273 2190 1361 2221 codd.
1456 2200 1517 2228 712

192 2235 255 2264 sim
275 2233 396 2274 Guyet:
419 2235 502 2266 siem
519 2234 606 2266 codd.
752 2235 814 2272 716
837 2233 989 2273 Bentley:
1014 2244 1122 2273 neque
1141 2234 1188 2264 illi
1207 2233 1289 2273 (illie
1307 2234 1372 2274 Af)
1392 2233 1516 2264 fabrica

191 2277 224 2307 A
241 2288 247 2307 z
273 2277 338 2308 illie
355 2278 477 2309 fabrica
493 2277 578 2308 DG:
612 2277 734 2308 fabrica
752 2277 817 2308 illic
833 2280 896 2308 cett.
1071 2287 1130 2315 717
1156 2277 1256 2307 domo
1270 2276 1302 2306 A
1455 2287 1514 2315 723

191 2320 256 2351 eho
273 2320 306 2350 A
325 2332 332 2352 ε
363 2321 428 2351 oeh
445 2321 498 2350 Α2
587 2321 629 2351 ah
647 2320 756 2351 nescis
774 2324 797 2352 Σ
932 2330 992 2359 724
1017 2319 1095 2351 24²2
1112 2331 1118 2350 ε
1142 2330 1161 2350 0
1180 2320 1279 2351 stulte
1305 2319 1338 2349 A
1454 2320 1515 2359 728

193 2367 291 2393 natus
309 2363 340 2392 A
358 2374 364 2393 :
391 2368 491 2394 natus
508 2368 559 2394 cst
577 2367 600 2394 Σ

1375 2416 1436 2447 20*
