1773 2750
172 125 200 161 I.
223 123 269 159 iv
650 122 690 157 P.
722 119 974 157 TERENTI
1005 119 1137 155 AFRI

222 234 293 272 sed
314 233 410 283 quid
431 246 521 271 nam
545 231 795 282 Pamphilum
824 230 1087 269 exanimatum
1118 230 1268 268 uideo?
1298 242 1433 268 uereor
1453 229 1549 279 quid

435 297 516 335 siet.

219 360 408 412 opperiar,
427 369 469 400 ut
485 360 605 400 sciam
626 373 721 399 num
738 359 834 410 quid
851 372 942 398 nam
959 360 1056 398 haec
1069 359 1182 397 turba
1198 357 1373 397 tristitiae
1387 358 1544 397 adferat.
1568 369 1631 405 235

170 518 200 543 V
570 517 899 552 PAMPHILVS
1011 514 1185 551 Mvffls

218 608 304 645 ΡΑ.
367 605 562 646 Hocinest
610 607 827 644 humanum
872 605 975 644 factu
1014 611 1081 643 aut
1119 603 1310 655 inceptu?
1368 604 1547 644 hocinest

432 671 605 710 officium
626 670 744 721 patris
760 671 777 708 ?

217 748 319 786 MV.
352 747 447 798 quid
479 748 576 786 illud
607 748 694 785 est?
763 747 850 784 ΡΑ.
883 758 954 795 pro
985 746 1104 784 deum
1137 744 1254 783 fidem
1286 744 1380 794 quid
1415 753 1483 791 est,
1516 745 1546 784 si

431 812 529 851 haec
550 825 631 851 non
652 809 956 850 contumeliast?

215 878 376 917 uxorem
397 877 572 917 decrerat
593 877 684 915 dare
705 889 789 914 sese
811 875 863 913 mi
884 874 1003 913 hodie
1022 889 1028 913 z
1059 887 1192 912 nonne
1213 873 1384 923 oportuit

215 943 428 993 praescisse
449 956 512 980 me
531 943 652 979 ante?
681 941 814 979 nonne
835 939 940 990 prius
962 937 1296 977 communicatum
1317 936 1518 988 oportuit?

177 1017 194 1048 5
215 1008 317 1045 MY.
350 1006 528 1045 miseram
552 1019 629 1053 me,
649 1005 757 1055 quod
777 1004 941 1043 uerbum
963 1003 1081 1043 audio
1099 1006 1104 1041 !
1563 1015 1632 1049 24ο

214 1073 301 1109 PA.
335 1072 462 1121 quid?
492 1072 696 1115 Chremes,
717 1069 783 1119 qui
805 1068 1016 1119 denegarat
1037 1069 1076 1107 se
1097 1067 1398 1107 commissurum
1420 1068 1514 1106 mihi

213 1136 371 1186 gnatam
404 1149 513 1174 suam
550 1148 721 1181 uxorem,
758 1134 797 1172 id
834 1132 1013 1181 mutauit,
1049 1133 1170 1183 quom
1206 1146 1268 1171 me
1307 1132 1543 1171 inmutatum

428 1200 536 1239 uidet
549 1202 566 1238 ?

214 1265 292 1304 itan
315 1266 511 1305 obstinate
538 1266 605 1304 dat
631 1277 804 1315 operam,
830 1273 871 1302 ut
902 1276 964 1302 me
990 1276 1013 1301 a
1040 1262 1221 1313 (micetio
1249 1262 1433 1301 miserum
1460 1262 1544 1300 abs-

426 1332 552 1369 trahat
565 1332 582 1368 ?

211 1397 320 1446 quod
341 1397 371 1434 si
392 1397 445 1444 fit,
468 1408 586 1446 pereo
610 1394 797 1434 funditus.

155 1478 192 1498 10
211 1461 340 1499 adeon
367 1460 571 1499 hominem
599 1474 683 1499 esse
708 1461 963 1498 inuenustum
990 1465 1057 1497 aut
1084 1457 1279 1497 infelicem
1300 1457 1541 1508 quemquam
1561 1468 1625 1504 245

424 1533 467 1564 ut
487 1539 560 1576 ego
581 1538 667 1563 sum
685 1528 691 1562 ἔ

208 1591 279 1641 prc')
299 1591 419 1630 deum
440 1598 558 1641 atque
580 1589 788 1629 hominum
810 1590 929 1628 fidem
949 1592 955 1627 ἓ

208 1657 346 1694 nullon
366 1668 439 1705 ego
461 1654 681 1695 Chremetis
703 1662 819 1705 paeto
839 1653 1084 1693 adfinitatem
1107 1653 1273 1703 effugere
1294 1654 1460 1703 potero?

208 1722 317 1771 quod
331 1721 460 1761 modis
473 1723 735 1772 contemptus,
754 1728 905 1771 spretus
923 1724 929 1758 1
950 1720 1062 1766 facta,
1079 1727 1273 1758 transacta
1288 1719 1431 1758 omnia.
1463 1733 1537 1765 em,

207 1786 434 1837 repudiatus
468 1787 631 1838 re'petor.
707 1799 827 1837 quam
861 1786 914 1824 ob
948 1787 1059 1824 rem?
1099 1784 1173 1823 nisi
1204 1784 1235 1823 si
1265 1784 1306 1823 id
1340 1792 1398 1823 est
1432 1786 1540 1835 quod

423 1852 599 1903 suspicor
618 1867 625 1890 ε

151 1931 188 1963 15
207 1916 355 1967 aliquid
377 1917 541 1956 monstri
561 1919 671 1956 alunt
691 1931 697 1954 :
727 1930 774 1956 ea
794 1915 982 1967 quoniam
1003 1914 1152 1955 ne'mini
1173 1915 1331 1954 obtrudi
1350 1922 1490 1965 potest,
1555 1924 1624 1960 250

206 1983 282 2020 itur
301 1983 352 2021 ad
369 1996 442 2022 me.
501 1984 559 2021 M
565 1984 604 2021 Y.
637 1981 760 2021 oratio
777 1983 874 2020 haec
889 1995 951 2020 me
968 1982 1149 2020 miseram
1165 1979 1402 2019 exanimauit
1418 1988 1534 2018 metu.

206 2047 292 2085 PA.
325 2061 415 2085 nam
438 2048 533 2098 quid
553 2061 626 2097 ego
646 2047 776 2086 dicam
796 2047 846 2086 de'
867 2048 1003 2097 patre?
1031 2047 1092 2092 ah,

249 2152 313 2190 236
337 2150 427 2181 factu
446 2175 453 2182 .
477 2173 484 2181 .
503 2175 509 2181 .
529 2150 668 2190 inceptu
685 2161 760 2180 cum
778 2149 912 2181 Donato
928 2149 1082 2189 Bentley:
1107 2149 1231 2179 sactum
1251 2174 1258 2181 .
1276 2172 1284 2180 .
1302 2172 1309 2179 .
1330 2148 1499 2187 inceptum
1512 2153 1536 2180 Σ

205 2204 266 2233 237
291 2205 353 2234 pro
385 2195 483 2224 deum
517 2194 616 2224 fidem
650 2193 739 2224 C¹P:
781 2204 842 2233 pro
871 2194 971 2224 deum
1003 2198 1103 2232 atque
1135 2193 1306 2223 hominum
1338 2192 1439 2222 fidem
1469 2195 1533 2223 cett.

204 2248 267 2276 242
291 2248 390 2277 quom
407 2248 485 2268 cum
504 2236 563 2268 CE
581 2237 778 2268 Fleckeisen:
803 2237 959 2276 quoniam
987 2247 1069 2267 cum-
1091 2236 1118 2267 G
1134 2235 1312 2267 Donatus:
1344 2236 1420 2275 quia
1447 2235 1532 2276 uolg.

203 2291 266 2320 243
289 2281 438 2320 Bentley:
465 2291 603 2321 operam
628 2282 684 2311 dat
712 2284 736 2312 Σ
869 2282 933 2319 248
958 2281 1046 2319 quod
1071 2279 1233 2310 Dziatzko
1257 2279 1368 2310 codicis
1382 2277 1540 2309 Bembina·

204 2335 305 2355 usum
321 2328 524 2356 constantem
540 2328 668 2355 secutus
682 2336 689 2355 ε
722 2328 805 2363 quot
822 2327 845 2355 Σ
861 2335 867 2354 :
901 2334 1006 2363 quam
1031 2323 1279 2363 discrepantiam
1298 2322 1410 2353 deln'nc
1425 2322 1537 2362 nfirre

203 2367 411 2409 supersedens
424 2367 581 2398 Betnbt'm'
595 2368 866 2409 orthographiam
883 2367 1028 2398 exhibebo
1096 2377 1148 2397 em
1167 2365 1309 2407 Spengcl
1322 2378 1328 2397 z
1353 2366 1428 2397 hcm
1447 2370 1470 2396 Σ
