1773 2750
97 108 174 146 III.
195 108 224 145 ii
612 108 652 144 P.
684 106 936 144 TERENTI
968 106 1100 143 AFRI

195 220 227 257 S
238 220 276 256 Y.
309 219 525 269 numquam
547 218 796 257 commodius
816 221 1005 268 nmquam
1026 231 1135 256 erum
1155 217 1291 256 audiui
1311 216 1430 266 loqui,

195 296 267 321 nec
287 283 409 333 quom
432 284 532 321 male
553 284 679 322 facere
699 282 899 321 crederem
921 283 974 320 mi
995 281 1181 332 inpiinius
1542 279 1610 322 560

136 362 178 395 50
195 346 320 385 licere.
379 347 467 397 quis
489 360 581 386 nam
601 360 624 385 a
643 346 758 386 no'bis
779 346 974 396 egreditlir
994 347 1095 385 foras
1108 347 1126 384 Ρ

134 476 179 512 iii
382 480 657 518 CHREMES
769 479 1051 517 CLITIPHO
1161 478 1336 515 SYRvs

199 577 288 615 CH.
323 577 431 625 Quid
453 576 552 615 istuc
573 576 751 626 quaeso?
780 575 848 625 qui
874 573 960 613 istic
981 587 1067 613 mos
1090 582 1159 621 est,
1184 574 1389 624 Clitipho?
1417 574 1521 612 itane

410 639 494 678 fieri
515 647 668 691 oportet
684 641 701 678 ?

199 707 278 745 CL.
311 707 408 756 quid
437 719 510 756 ego
540 705 646 745 feci?
704 707 794 745 CH.
827 705 936 744 uidin
967 719 1039 756 ego
1070 713 1108 744 te
1138 707 1259 745 modo
1293 720 1453 745 manum
1482 707 1522 744 in

413 770 543 810 sinum
564 772 656 810 huic
677 770 869 809 meretrici

198 837 402 886 ingerere?
470 837 502 875 S
513 837 552 874 Y.
592 844 680 874 aeta
718 837 815 874 haec
854 835 912 874 re's
953 843 1010 874 est
1029 851 1035 874 :
1084 835 1190 886 perii.
1265 836 1346 874 CL.
1378 835 1524 874 me'ne?

415 903 506 941 CH.
538 901 646 940 hisce
667 900 800 948 oculis,
825 900 874 939 ne
894 914 1003 951 nega.

198 966 292 1005 facis
313 966 414 1005 &ideo
435 965 597 1016 indigne
618 965 798 1004 iniiiriam
819 964 873 1003 illi
893 966 961 1015 qui
981 978 1061 1003 non
1082 964 1279 1004 abstineas
1301 978 1472 1003 manum.
1552 963 1613 1009 565

161 1049 178 1080 5
200 1045 291 1069 narn
312 1030 432 1069 istaec
453 1030 615 1081 quidem
637 1029 924 1076 contumeliast,

199 1094 403 1134 hominem
416 1094 589 1134 amicum
602 1094 773 1144 recipere
786 1095 837 1132 ad
846 1101 883 1132 te
896 1100 1014 1144 atque
1027 1094 1110 1132 eius
1123 1093 1290 1133 amicam
1305 1093 1524 1144 slibigitare.

200 1159 263 1199 uel
302 1159 384 1199 heri
422 1159 462 1198 in
500 1159 596 1199 uino
634 1173 753 1210 quam
792 1158 1037 1197 inmodestus
1075 1158 1190 1205 fuisti,
1249 1159 1282 1197 S
1293 1160 1331 1196 Y.
1368 1159 1524 1197 factum.

418 1226 508 1264 CH.
541 1224 660 1274 quaim
682 1224 870 1262 molestus
891 1226 897 1261 Ξ

200 1292 243 1328 fit
273 1289 469 1339 equidem,
493 1289 546 1327 ita
568 1302 631 1328 me
655 1290 696 1328 di
723 1296 866 1335 ament,
891 1287 1012 1327 metui
1033 1289 1129 1338 quid
1156 1289 1329 1327 futurum
1356 1287 1528 1338 denique

416 1362 518 1394 esset
537 1358 544 1393 ἓ

202 1420 297 1459 noui
327 1433 400 1470 ego
429 1419 624 1458 amantis:
664 1418 841 1458 {mimum
875 1420 1089 1458 aduortunt
1122 1418 1289 1468 grziuiter
1317 1432 1419 1468 quae
1448 1431 1529 1456 non
1551 1425 1619 1462 570

418 1485 589 1524 censeas.

146 1561 184 1584 10
206 1552 285 1589 CL.
318 1558 356 1588 at
371 1549 466 1588 mihi
480 1551 578 1589 fides
591 1551 697 1600 apud
714 1550 820 1588 hiinc
834 1556 891 1588 est
905 1548 959 1586 nil
976 1562 1039 1587 me
1052 1548 1162 1587 istius
1175 1550 1380 1595 faeturtim,
1396 1555 1514 1598 pater.

206 1617 296 1654 CH.
329 1615 424 1662 esto,
447 1622 486 1653 at
513 1622 617 1653 certe
644 1622 686 1653 ut
713 1615 806 1653 hinc
835 1615 1032 1653 concedas
1062 1613 1193 1663 filiquo
1223 1613 1274 1651 ab
1299 1627 1367 1652 ore
1394 1626 1528 1651 eorum

417 1680 707 1730 dliquantisper.

204 1747 326 1784 miilta
347 1747 418 1784 fert
439 1747 576 1785 lubido
594 1761 600 1784 :
631 1759 677 1784 ea
697 1746 824 1784 facere
845 1744 1027 1795 prohibet
1048 1751 1115 1783 tua
1134 1743 1363 1794 praesentia.

202 1813 251 1852 de'
282 1827 345 1852 me
372 1827 444 1864 ego
471 1813 572 1852 facio
600 1812 894 1852 coniecturam:
929 1811 1085 1850 ne'most
1110 1824 1287 1849 meorum
1315 1810 1530 1848 amicorum

417 1878 537 1917 hodie
1347 1882 1354 1886 '

202 1945 308 1994 apud
329 1957 447 1994 quem
469 1957 697 1995 expromere
713 1943 848 1983 omnia
863 1956 951 1981 mea
967 1943 1131 1988 ocmssta,
1149 1940 1335 1991 Clitipho,
1350 1941 1529 1978 arideam.
1554 1948 1618 1986 575

146 2025 182 2056 15
202 2010 308 2059 apud
329 2008 449 2046 ailium
471 2009 654 2059 prohibet
675 2008 843 2058 dignitas
858 2022 868 2055 ,·
897 2007 1004 2057 apud
1024 2005 1143 2044 zilium
1165 2004 1238 2055 ipsi
1259 2005 1350 2043 facti
1370 2005 1503 2054 pudet,

203 2088 253 2113 ne
273 2074 441 2125 ineptus,
465 2088 514 2113 ne
535 2073 739 2125 proteruos
760 2072 895 2112 uidear
912 2087 918 2110 :
949 2072 1058 2122 quod
1079 2070 1188 2109 illum
1209 2071 1335 2109 facere
1357 2068 1516 2108 credito.

245 2179 310 2218 560
334 2178 445 2209 facere
463 2176 635 2208 Muretus:
659 2177 803 2208 facerem
821 2175 908 2207 codd.
1042 2176 1105 2214 564
1128 2174 1285 2215 ingerere
1299 2173 1333 2203 A
1352 2186 1358 2204 :
1382 2174 1534 2204 inserere

202 2222 281 2253 ,4²2
425 2231 491 2261 570
514 2220 659 2252 amantis
682 2220 864 2251 Paumt‘er:
899 2219 1082 2250 amantium
1107 2217 1193 2248 codd.
1277 2218 1426 2248 animum
1450 2216 1533 2247 Ax:

203 2266 332 2297 animos
354 2264 403 2296 A²
639 2273 703 2303 572
725 2263 879 2303 Bentley:
913 2266 950 2293 ut
983 2262 1034 2292 uel
1063 2262 1144 2294 hinc
1175 2272 1241 2292 om.
1277 2260 1366 2292 codd.
1393 2259 1536 2300 plerique

204 2319 267 2350 574
291 2310 333 2341 de
357 2319 410 2340 me
434 2319 499 2348 ego
523 2307 676 2348 Bentley:
708 2318 772 2348 ego
796 2307 838 2338 de
864 2316 917 2337 me
943 2304 1033 2337 codd.
1170 2305 1234 2345 576
1257 2304 1322 2345 ipsi
1339 2302 1533 2335 Fleckeisen:

205 2353 312 2393 ipsius
328 2351 414 2384 codd.
