1773 2750
731 157 963 195 HECYRA
1444 155 1497 192 II.
1518 153 1548 190 ii

98 277 162 314 245
185 275 227 306 ut
247 268 316 306 tibi
338 269 566 315 concedam,
589 268 717 317 neque
737 274 827 305 tuae
847 265 1012 304 lubidini
1033 265 1284 304 aduorsz'lbor.

183 334 271 371 LA.
301 341 418 382 atque
434 334 570 371 eccum
586 330 825 381 Phidippum
843 331 1004 380 optume
1020 330 1138 369 uideo
1155 346 1162 368 :
1192 330 1283 368 hinc
1300 328 1376 367 iam
1393 329 1502 368 scibo

398 398 474 434 hoc
495 396 590 445 quid
611 395 670 433 sit.

185 462 389 513 Phidippe‚
422 460 526 514 [etsi]
556 474 629 511 ego
659 474 722 499 me
751 461 848 499 meis
880 460 1064 500 omnibus
1099 461 1180 499 scio
1209 474 1293 500 esse
1326 460 1503 511 ddprime
1524 471 1540 503 5

396 525 693 576 obsequentem,

183 593 252 632 sed
272 592 352 631 non
371 592 473 630 adeo
493 597 535 630 ut
555 603 642 629 mea
663 589 825 629 facilitas
845 593 1068 641 corrumpat
1088 590 1241 629 illorum
1262 590 1414 629 ainimos
1431 606 1438 630 ε

182 657 290 708 quod
311 659 352 695 tu
372 656 403 694 si
424 655 528 695 idem
550 656 706 703 faceres,
723 655 844 706 magis
865 655 904 693 in
926 668 1007 694 rem
1023 662 1061 694 et
1077 656 1249 694 nostram
1270 663 1307 694 et
1328 663 1501 694 nostram

396 720 436 759 id
456 721 568 759 esset.

96 804 165 842 250
183 799 287 824 nunc
309 786 425 824 uideo
446 785 485 823 in
506 785 656 823 illarum
678 786 763 824 esse
784 791 822 824 te
842 786 1046 835 potestate.
1102 786 1197 823 PH.
1229 784 1317 823 heia
1337 785 1442 824 uero.

182 852 270 889 LA.
300 850 379 888 adii
400 857 437 888 te
458 849 540 888 heri
560 851 610 889 de
631 849 733 889 filia:
764 857 806 888 ut
827 849 928 897 ueni,
952 849 1089 889 itidem
1109 849 1301 888 incertum
1322 850 1461 888 amisti.

182 915 288 953 haud
310 915 362 952 ita
382 915 506 961 decet,
529 914 560 952 si
581 914 781 964 perpetem
802 915 904 952 hanc
925 914 984 952 uis
1004 916 1089 953 e'sse
1108 913 1364 961 adfinitatem,

181 980 306 1018 celzire
327 987 365 1017 te
385 978 470 1017 iras.
529 979 560 1017 si
581 979 676 1028 quid
697 986 754 1017 est
775 979 981 1029 peccaitum
1001 992 1024 1017 a
1044 978 1168 1026 nobis,
1192 980 1320 1029 profer
1337 994 1343 1017 :

181 1051 247 1082 aut
269 1043 314 1082 ea
335 1044 549 1082 refellendo
569 1046 635 1081 aut
656 1044 860 1093 purgando
880 1042 995 1081 uobis
1016 1042 1253 1093 corrigemus

95 1124 112 1148 2
121 1121 137 1158 5
145 1122 160 1158 5
182 1116 219 1147 te
240 1108 370 1146 iudice
391 1107 485 1157 ipso.
545 1108 604 1146 sin
625 1115 706 1146 east
727 1107 919 1146 retine'ndi
941 1121 1058 1146 causa
1076 1108 1183 1158 apud
1204 1121 1286 1155 uos,

180 1171 273 1222 quia
293 1172 441 1222 aegrast
459 1187 465 1210 :
495 1179 533 1210 te
555 1171 607 1210 mi
629 1172 808 1210 iniuriam
830 1173 956 1211 facere
976 1172 1150 1221 Arbitror,
1175 1172 1380 1223 Phidippe‚

181 1236 211 1274 si
234 1235 373 1274 me'tuis
395 1235 486 1274 satis
508 1243 549 1274 ut
570 1236 680 1274 meae'
701 1236 809 1275 domi
831 1235 985 1274 cure‘tur
1004 1236 1220 1287 diligenter.

180 1308 218 1338 at
240 1301 293 1338 ita
313 1313 376 1339 me
396 1300 436 1340 di
456 1307 600 1347 ament,
624 1301 730 1339 haud
752 1300 822 1338 tibi
844 1302 918 1339 hoc
940 1300 1130 1347 concedo,
1155 1301 1227 1340 etsi
1249 1301 1301 1339 illi
1323 1301 1431 1351 peiter
1450 1315 1502 1348 es,

182 1373 222 1402 ut
253 1367 294 1402 tu
324 1364 427 1402 illam
458 1366 606 1403 saluam
638 1364 759 1414 meigis
789 1364 885 1403 uelis
915 1377 1033 1414 quam
1066 1377 1138 1415 ego
1155 1380 1161 1403 :
1196 1365 1235 1403 id
1267 1366 1368 1404 &ideo
1399 1366 1503 1415 gnati

397 1431 525 1475 causa,

95 1500 163 1535 260
181 1506 298 1544 quem
319 1506 392 1543 ego
413 1493 583 1532 intellexi
604 1493 707 1532 illam
740 1494 845 1533 haud
871 1493 999 1532 minus
1021 1506 1138 1544 quam
1160 1507 1201 1533 se
1222 1496 1348 1545 ipsum
1375 1495 1503 1545 magni

392 1558 529 1597 faicere.

180 1635 308 1673 neque
328 1622 429 1662 eideo
457 1623 557 1661 clam
585 1635 648 1661 me
675 1630 733 1661 est
763 1635 881 1672 quam
910 1621 994 1661 esse
1021 1636 1110 1661 eum
1141 1623 1307 1673 grauiter
1336 1625 1502 1663 laturum

394 1688 563 1734 credam,

180 1752 256 1789 hoc
277 1752 307 1789 si
329 1751 521 1790 rescierit:
551 1752 599 1790 6ό
619 1753 782 1790 domum
811 1753 952 1791 studeo
982 1752 1079 1791 haec
1106 1753 1211 1803 prius
1232 1766 1350 1803 quam
1378 1754 1441 1793 ille
1462 1762 1502 1793 ut

394 1816 538 1855 redeat.

180 1882 273 1919 PH.
306 1882 471 1929 Laches,
493 1888 530 1920 et
551 1880 794 1931 diligentiam
818 1890 990 1920 uostram
1011 1881 1049 1921 et
1070 1882 1351 1933 benignitatem

181 1945 274 1984 noui
296 1945 333 1984 et
353 1958 454 1995 quae
475 1946 573 1984 dicis
594 1946 727 1985 omnia
747 1959 832 1986 esse
853 1954 894 1985 ut
915 1947 1013 1986 dicis
1032 1947 1209 1986 animum
1230 1947 1388 1997 induco,

95 2014 160 2060 265
181 2016 218 2048 et
239 2016 277 2048 te
298 2010 374 2048 hoc
395 2009 490 2048 mihi
511 2009 628 2060 cupio
648 2009 806 2049 credere
823 2026 829 2050 :
861 2010 965 2049 illam
986 2013 1036 2050 ad
1058 2013 1129 2050 uos
1150 2011 1274 2051 redire
1295 2014 1446 2059 studeo,

127 2108 131 2112 .
182 2073 213 2112 si
234 2074 358 2113 fzicere
378 2074 526 2125 possim
546 2075 626 2114 ullo
647 2076 778 2114 modo.
837 2076 924 2114 LA.
956 2089 1056 2126 quae
1077 2076 1135 2115 re's
1157 2084 1194 2115 te
1214 2077 1340 2116 facere
1361 2077 1400 2116 id
1421 2079 1505 2128 pro-

395 2138 503 2178 hibet
516 2141 532 2177 ?

227 2243 291 2281 246
315 2242 357 2273 sit
373 2242 526 2282 Bentley:
550 2244 613 2273 siet
631 2242 717 2274 codd.
853 2253 914 2284 247
939 2244 1003 2274 etsi
1021 2243 1080 2275 del.
1101 2244 1233 2284 Bentley
1352 2255 1404 2275 me
1421 2245 1504 2276 meis

183 2285 248 2316 DG
265 2298 271 2316 :
295 2296 348 2316 me
368 2296 442 2316 esse
458 2286 492 2316 A
509 2297 515 2317 :
542 2287 626 2317 meis
647 2297 700 2317 me
721 2290 786 2318 cett.
923 2297 987 2327 250
1011 2287 1161 2327 Bentley:
1188 2291 1356 2327 potestate
1378 2298 1454 2319 esse
1470 2293 1504 2319 te

184 2328 271 2359 codd.
407 2338 469 2367 252
495 2334 672 2370 perpetem
688 2330 820 2370 Bentley
835 2342 841 2361 :
866 2335 1067 2370 perpetuam
1081 2330 1168 2361 codd.
1189 2343 1194 2360 :
1214 2331 1302 2361 hunc
1314 2335 1390 2372 post
1401 2332 1505 2364 adfin.

183 2371 276 2403 habet
298 2372 331 2402 A
476 2382 539 2412 255
563 2373 714 2412 Bentley:
752 2383 852 2404 causa
876 2375 1044 2404 retinendi
1069 2373 1154 2404 codd.
1305 2376 1368 2405 260
1392 2376 1504 2414 magni

184 2416 294 2446 facere
321 2415 572 2446 A²BCPD²F²z
607 2417 826 2455 magnificare
851 2417 883 2446 A
915 2428 990 2447 cum
1017 2422 1081 2449 cett.
1270 2420 1331 2457 264
1356 2419 1505 2449 animum

185 2459 308 2490 induco
325 2469 432 2489 meum
451 2460 483 2489 A
620 2461 684 2490 266
708 2460 818 2490 facere
836 2461 867 2490 id
886 2460 989 2490 ADG
1005 2473 1010 2491 :
1035 2461 1066 2491 id
1086 2461 1196 2491 facere
1213 2466 1281 2493 cell.
1400 2501 1416 2521 *

1358 2503 1397 2533 1ss

1528 928 1566 951 10

1527 1246 1562 1277 τε

1525 1772 1565 1795 20
