1773 2750
140 109 193 145 II.
216 110 228 145 i
637 111 675 147 Ι).
708 110 960 148 TERENTI
993 112 1124 148 AFRI

219 221 306 258 Cll
347 221 452 258 hunc
491 221 618 269 ipsum
658 221 790 267 orabo,
824 221 915 258 huic
954 221 1199 270 supplicabo,
1240 223 1413 261 am6rem
1453 222 1542 261 huic

483 284 647 322 narrabc')
669 297 800 322 meum
822 299 828 321 :

214 350 332 387 credo
354 349 571 398 impetrabo
592 356 633 386 ut
654 348 814 398 aliquod
836 350 973 387 saltem
996 349 1142 399 nuptiis
1164 351 1302 399 prodat
1324 350 1407 389 dies
1428 366 1434 388 :

212 412 358 452 inte'rea
379 415 443 452 fiet
469 413 629 463 aliquid,
653 426 777 463 spero.
836 414 928 452 BV.
960 414 1000 452 id
1023 414 1216 464 ‘aliquid'
1238 415 1291 453 nil
1318 423 1386 454 est.
1450 416 1539 454 CH

428 479 571 529 By'Tria,

157 556 192 588 15
212 544 308 593 quid
337 543 407 582 tibi
436 544 620 582 uidetur?
647 544 777 582 adeon
811 544 861 582 ad
893 546 1012 582 eum?
1069 546 1162 583 BY.
1194 547 1290 596 quid
1319 546 1387 584 ni?
1427 546 1458 585 si
1488 546 1542 584 nil
1561 554 1626 592 315

234 616 243 624 ·
428 609 621 657 impetres,

211 679 253 710 ut
275 679 312 710 te
332 671 536 710 arbitretur
556 671 629 710 sibi
650 678 827 721 paratum
850 673 1072 718 moechum,
1095 672 1126 710 si
1148 673 1253 711 illam
1274 674 1435 713 duxerit.

216 738 305 776 CH
336 736 428 775 abin
449 736 540 774 hinc
561 735 601 774 in
622 737 764 774 malam
786 749 867 775 rem
889 749 979 774 cum
1004 737 1226 786 suspicione
1247 737 1354 785 istac,
1383 740 1541 778 scelus?

210 803 299 839 ΡΑ.
331 802 547 840 Charinum
574 800 704 839 uideo.
762 801 880 839 salue.
943 803 1032 840 CH
1065 815 1089 839 o
1110 803 1227 849 salue,
1253 803 1480 853 Pamphile:

210 867 260 904 ad
281 874 318 905 te
338 866 510 905 aduenio
531 865 641 915 spem
662 866 827 904 salutem
847 865 1034 904 auxilium
1056 866 1263 905 eonsilium
1285 870 1482 917 expetens.

153 941 193 963 20
210 932 298 969 ΡΑ.
329 932 459 980 ne'que
490 931 556 980 pol
590 930 729 969 consili
767 932 898 969 locum
937 931 1066 969 habeo
1100 933 1228 981 neque
1265 933 1315 970 ad
1353 933 1538 972 auxilium
1560 942 1628 976 320

427 994 593 1044 c6piam.

210 1062 279 1099 sed
309 1061 409 1098 istuc
438 1059 533 1109 quid
559 1060 721 1097 namst?
781 1060 870 1098 CH
911 1058 1030 1098 h6die
1054 1073 1213 1099 uxorem
1242 1060 1385 1099 ducis?
1450 1063 1538 1100 ΡΑ.

423 1124 544 1163 aiunt.
607 1125 696 1163 CH
730 1123 945 1172 Pamphile,

209 1190 241 1228 si
274 1190 312 1228 id
346 1189 450 1236 facis,
485 1189 604 1227 hodie
637 1195 879 1238 postremum
911 1188 975 1227 me
1008 1188 1130 1228 uides.
1203 1191 1291 1228 ΡΑ.
1328 1191 1424 1240 quid
1457 1191 1540 1229 ita?

429 1256 518 1294 CH
550 1255 585 1292 ei
607 1253 712 1299 mihi,

211 1321 347 1358 uereor
376 1319 529 1358 dicere:
559 1319 650 1357 huic
680 1319 744 1357 dic
775 1332 933 1369 quaeso,
968 1318 1109 1369 Byrria.
1169 1320 1261 1358 BV.
1294 1333 1366 1369 ego
1396 1320 1537 1359 dicam.

424 1385 512 1422 ΡΑ.
544 1383 639 1433 quid
660 1385 749 1421 est?

210 1450 302 1486 ΒΥ.
343 1449 528 1498 spc'msam
556 1448 619 1486 hic
643 1457 750 1486 tuam
777 1456 892 1486 amat.
951 1450 1039 1486 ΡΑ.
1071 1451 1119 1486 ne'
1151 1448 1221 1486 iste
1248 1449 1354 1487 haud
1383 1462 1537 1487 mecum

426 1513 553 1552 sentit.
612 1514 688 1551 eho
709 1514 803 1551 dum
825 1514 888 1551 dic
910 1512 1004 1550 mihi
1025 1528 1032 1550 ι

152 1594 191 1626 ²5
212 1582 306 1618 mim
336 1579 432 1629 quid
458 1592 548 1617 nam
575 1578 742 1628 amplius
770 1578 839 1616 tibi
866 1591 955 1616 eum
984 1577 1047 1616 illa
1075 1579 1155 1624 fuit,
1185 1578 1386 1617 Charine?
1447 1580 1535 1618 CH
1558 1592 1623 1628 325

424 1646 509 1690 aha,
533 1643 748 1692 Pamphile,

211 1711 272 1747 nil.
323 1711 411 1748 ΡΑ.
443 1722 561 1758 quam
578 1709 720 1746 uellem
739 1711 745 1745 ἓ
797 1708 886 1747 CH
918 1710 1024 1745 nune
1045 1714 1082 1746 te
1103 1721 1170 1757 per
1185 1708 1397 1747 amicitiam
1418 1715 1456 1747 et
1472 1721 1539 1759 per

422 1786 597 1812 amorem
619 1773 794 1819 6bsecro‚

210 1839 401 1889 principio
422 1847 463 1877 ut
485 1852 534 1877 ne
555 1839 688 1876 ducas.
747 1838 838 1875 PA.
870 1837 975 1876 dabo
1003 1837 1187 1887 equidem
1213 1838 1383 1887 6peram.
1447 1839 1536 1877 CH

424 1905 493 1942 sed
515 1903 546 1941 si
566 1903 606 1941 id
626 1903 706 1940 n6n
727 1909 856 1951 potest

209 1973 275 2009 aut
296 1969 366 2008 tibi
387 1968 547 2018 nuptiae
567 1969 664 2005 hae'c
685 1974 774 2005 sunt
791 1966 910 2013 cordi,
968 1967 1057 2004 ΡΑ.
1089 1966 1229 2004 ‹zm-di?
1289 1968 1378 2006 CH
1401 1968 1536 2005 saltem

423 2034 585 2083 aliqudd
605 2032 688 2070 dies

211 2102 349 2151 prdser,
371 2101 466 2139 dum
493 2098 719 2148 proficiscor
744 2096 888 2147 aliquo,
911 2096 961 2135 ne‘
981 2095 1150 2135 uideam.
1208 2097 1297 2135 ΡΑ.
1328 2096 1419 2134 audi
1441 2098 1536 2134 nun<

425 2164 525 2202 ciam
542 2179 548 2201 :

254 2279 316 2308 312
341 2269 428 2299 hunc
454 2268 563 2306 ipsum
590 2265 694 2296 Rein:
728 2266 835 2304 ipsum
862 2265 950 2295 hunc
969 2268 993 2295 Σ
1053 2243 1057 2245 Α
1135 2273 1199 2301 320
1223 2263 1264 2293 ad
1286 2263 1444 2294 auxilium
1466 2262 1534 2292 Eu-

205 2313 389 2353 graphz'us:
413 2312 453 2341 ad
472 2310 698 2341 auxiliandum
716 2307 750 2339 D
767 2320 773 2339 z
797 2308 910 2339 auxilii
927 2306 1067 2338 BCEP:
1092 2307 1225 2338 auxiliis
1245 2305 1273 2336 G
1365 2308 1427 2344 328
1452 2306 1535 2336 haec

210 2355 363 2395 Bentley:
387 2355 451 2385 hae
470 2358 493 2385 Σ
