1773 2750
770 159 1002 197 HECYRA
1462 163 1530 199 IV.
1553 164 1566 199 i

214 272 306 309 PH.
340 272 408 309 tun
438 268 658 320 prospicere
683 274 750 306 aut
777 267 948 307 iudicare
978 267 1150 307 nostram
1178 268 1217 308 in
1247 282 1327 308 rem
1354 271 1462 320 quod
1487 272 1534 308 sit

428 342 539 385 potes
556 335 573 371 ?

129 416 196 453 550
213 399 357 440 audisti
377 413 424 438 ex
442 399 574 449 aliquo
594 399 767 446 fortasse,
790 398 858 449 qui
878 396 1024 437 uidisse
1044 411 1135 437 eum
1156 399 1302 438 diceret
1556 408 1594 440 35

214 472 420 504 exeuntem
440 472 507 503 aut
527 465 628 502 intro
648 470 806 502 euntem
827 464 878 503 ad
898 464 1076 503 amicam.
1136 464 1232 514 quid
1254 471 1336 503 turn
1357 464 1522 516 postea?

213 531 245 568 si
265 531 443 569 modeste
463 543 508 568 ac
528 528 613 567 reiro
633 527 724 568 fecit
746 526 887 581 [haec],
911 529 1044 568 nonne
1065 542 1111 567 ea
1130 528 1376 568 dissimulare
1396 543 1468 569 nos

213 594 334 645 maigis
372 596 626 633 humanumst
664 594 782 644 quam
821 595 913 633 dare
951 607 1111 645 operam
1145 593 1185 633 id
1219 595 1326 643 scire,
1361 593 1428 646 qui
1462 608 1534 634 nos

425 658 550 698 oderit
563 660 579 697 ?

211 724 302 762 nzim
322 723 354 763 si
375 723 405 762 is
426 731 557 774 posset
577 724 627 762 ab
648 737 694 762 ea
714 737 798 763 sese
818 721 1032 774 derepente
1052 724 1231 770 auellere,

126 804 189 842 555
210 788 380 839 quacum
401 795 459 827 tot
479 788 707 827 consuesset
727 801 863 835 annos,
886 787 966 827 non
988 802 1079 827 eum
1100 788 1304 828 hominem
1326 789 1511 828 ducerem
1551 801 1594 835 40

210 852 282 891 nec
303 852 429 891 uirum
456 852 548 891 satis
575 854 730 891 firmum
757 860 908 902 gnatae.
966 854 1025 891 M
1031 854 1070 892 Y.
1102 854 1212 891 mitte
1238 854 1531 893 adulescentem

423 918 587 956 ebsecro

209 984 246 1022 et
267 997 367 1034 quae
389 996 451 1022 1116
472 983 655 1034 peccasse
675 987 742 1021 ai's.
801 982 877 1028 abi,
900 983 1005 1022 solus
1027 984 1153 1021 solum
1174 983 1355 1030 cdnueni,

209 1048 301 1098 roga
321 1047 466 1086 uelitne
486 1061 535 1085 an
558 1048 636 1086 non
658 1061 817 1086 uxorem
835 1062 841 1085 :
871 1047 902 1085 si
925 1046 981 1086 est
1002 1054 1044 1085 ut
1064 1047 1169 1086 dicat
1189 1047 1290 1087 uelle
1311 1063 1363 1093 56,

209 1112 354 1159 redde3
383 1111 441 1150 sin
462 1119 519 1150 est
539 1114 669 1150 autem
691 1119 732 1150 ut
753 1110 861 1157 nolit,
884 1110 987 1149 recte
1007 1124 1080 1161 ego
1100 1113 1280 1150 consului
1301 1126 1420 1151 meae.

123 1180 190 1223 560
208 1178 301 1216 PH.
333 1176 527 1226 siquidem
560 1176 623 1214 ille
655 1175 738 1227 ipse
772 1176 852 1215 non
885 1177 967 1214 uolt
996 1183 1035 1215 et
1065 1183 1104 1215 tu
1137 1176 1256 1215 sensti
1287 1176 1325 1215 in
1355 1192 1403 1216 eo
1433 1191 1527 1224 esse,
1549 1189 1588 1220 45

423 1240 606 1291 MYrrina,

207 1305 427 1356 peccatum,
447 1306 618 1352 aderam,
642 1306 783 1355 quoius
804 1304 968 1343 consilio
991 1305 1113 1343 fuerat
1133 1318 1179 1343 ea
1199 1318 1266 1355 par
1287 1305 1468 1356 prospici.

206 1387 324 1423 quam
345 1373 398 1412 ob
413 1386 495 1411 rem
515 1371 705 1411 incendor
722 1373 786 1420 ira,
801 1385 886 1411 esse
905 1385 1040 1410 ausam
1061 1371 1187 1410 fecere
1208 1373 1305 1411 haec
1322 1380 1358 1411 te
1378 1372 1527 1412 iniussu

419 1451 520 1476 meo.

205 1502 397 1542 interdico
418 1516 467 1541 ne
489 1501 670 1541 extulisse
691 1509 797 1540 extra
816 1501 924 1540 aedis
946 1515 1109 1552 puerum
1131 1502 1297 1553 usquam
1318 1502 1425 1542 uelis.

204 1567 274 1607 sed
294 1581 366 1618 ego
388 1566 550 1614 stultior,
573 1566 670 1605 meis
690 1566 805 1605 dictis
826 1567 894 1617 qui
914 1579 1047 1616 parere
1068 1567 1169 1605 hanc
1190 1567 1396 1617 postulem.

120 1634 183 1679 565
205 1632 270 1671 ibo
291 1631 392 1671 intro
412 1639 530 1683 atque
551 1632 703 1670 edicam
725 1630 857 1678 seruis,
881 1630 931 1669 ne
951 1644 1152 1681 quoquam
1173 1632 1309 1670 ecferri
1329 1631 1527 1670 sinant.—
1548 1649 1588 1681 50

204 1698 262 1735 M
269 1698 306 1735 Y.
338 1698 486 1735 nullaim
506 1698 573 1747 pol
593 1697 711 1736 credo
732 1695 934 1735 mulierem
957 1709 1019 1734 me
1040 1695 1278 1735 miseriorem
1300 1697 1432 1736 uiuere
1449 1713 1455 1736 :

204 1776 294 1801 nam
316 1770 357 1801 ut
378 1763 441 1801 hic
462 1763 608 1801 laturus
629 1762 705 1801 hoc
726 1761 808 1808 siet,
832 1761 862 1800 si
883 1774 964 1799 rem
986 1762 1110 1811 ipsam
1132 1768 1174 1800 ut
1194 1760 1242 1800 sit
1263 1761 1471 1808 resciuerit,

203 1841 284 1866 non
305 1827 446 1878 edepol
466 1827 567 1865 clam
590 1839 652 1865 me
672 1833 740 1873 est,
764 1839 885 1876 quom
906 1826 982 1864 hoc
1003 1826 1111 1875 quod
1132 1825 1274 1865 leuiust
1295 1827 1372 1865 taim
1393 1826 1527 1865 animo

418 1891 607 1931 iracundo'
627 1890 713 1930 tulit
730 1905 738 1937 ;

204 1970 276 1996 nec
297 1957 374 2007 qua
394 1956 457 1995 uia
478 1955 671 1995 sententia
691 1955 773 1994 eius
794 1954 916 2006 possit
938 1955 1076 1993 mutari
1097 1954 1187 1994 scio.

119 2036 185 2071 570
204 2022 279 2060 hoc
301 2020 353 2058 mi
374 2023 496 2060 unum
518 2035 564 2059 ex
584 2019 758 2070 plurimis
781 2019 943 2059 miseriis
964 2018 1150 2058 relicuom
1171 2020 1294 2059 fuerat
1315 2021 1472 2067 malum,

204 2086 233 2125 si
268 2088 431 2138 puerum
467 2093 508 2125 ut
540 2086 674 2124 tollam
713 2084 827 2135 cegit‚
864 2085 1004 2135 quoius
1045 2098 1116 2124 nos
1151 2086 1218 2135 qui
1249 2085 1297 2124 sit
1329 2085 1524 2124 nescimus

417 2158 534 2202 pater.

1546 2038 1584 2070 55

247 2264 309 2292 552
334 2256 417 2285 haec
433 2254 499 2285 secl.
522 2253 684 2295 [Vagncrz
709 2253 786 2285 fecit
808 2253 891 2284 hacc
909 2252 941 2283 A
961 2266 966 2284 z
1006 2253 1087 2284 hace
1112 2253 1162 2283 uel
1183 2254 1246 2284 hoc
1272 2253 1348 2284 fecit
1374 2253 1424 2283 uel
1448 2253 1526 2284 facit

203 2297 290 2328 codd.
422 2298 486 2337 558
509 2298 553 2327 sic
576 2301 619 2329 Σ;
648 2307 787 2328 uxorem
807 2296 966 2328 annonA
1101 2298 1165 2337 560
1188 2296 1295 2327 sensti
1317 2296 1466 2327 Faernus
1487 2296 1522 2336 cs.

204 2340 314 2372 Andr.
333 2341 395 2372 882
413 2351 421 2371 ε
454 2340 588 2372 sensisti
607 2339 696 2372 codd.
721 2344 749 2370 et
767 2339 890 2372 Donat.
919 2339 952 2371 ιἰι
975 2339 1086 2371 lemur.

205 2384 314 2416 fuerat
331 2384 363 2414 A
533 2385 595 2423 567
621 2383 816 2415 Fleckeisen:
850 2384 915 2416 hoc
939 2383 984 2415 sit
1004 2384 1032 2414 si
1057 2384 1163 2423 ipsam
1190 2340 1526 2414 1-6316ΙιιῐΣ516ῗῗοξιὶῖῗίΓ

204 2429 267 2467 568
291 2427 430 2459 BCEP:
457 2426 619 2458 iracundo
636 2427 747 2458 animo
765 2426 816 2458 uel
830 2426 943 2458 animo
960 2426 1047 2458 irato
1065 2426 1098 2456 A
1117 2436 1192 2456 cum
1209 2429 1271 2457 cett.

248 2492 321 2513 TER.
344 2492 419 2512 HEC.

1394 2486 1435 2517 17
