1773 2750
182 116 210 152 Ι.
233 115 262 151 xi
652 116 692 153 P.
725 116 977 152 TERENTI
1008 116 1141 152 AFRI

233 225 304 263 das
324 226 361 263 te'
383 224 597 272 tacituram,
622 226 763 263 dicam.
820 226 914 263 ΡΗ
946 226 998 264 ad
1018 225 1219 276 ingenium
1241 224 1352 263 redis.

234 289 354 329 fidem
375 291 451 329 do:
482 291 653 341 loquere.
712 292 801 329 ΡΑ.
833 292 1021 329 ausculta.
1078 292 1172 329 ΡΗ
1202 289 1288 329 istic
1315 303 1413 329 sum.

448 356 550 393 hanc
573 354 814 394 Bacchidem

171 432 214 464 ⁴0
232 420 389 458 amabat
410 428 452 458 ut
473 433 595 470 quom
616 421 798 459 maxume
818 428 901 459 tum
923 420 1163 472 Pamphilus,

233 497 354 534 quom
375 484 483 535 pater
503 498 664 524 uxorem
684 493 727 524 ut
748 485 865 525 diicat
885 499 993 525 orare
1014 486 1158 537 decipit

232 556 270 587 et
290 549 388 588 hae'c
408 550 637 589 communia
656 550 834 589 6mnium
856 564 956 601 quae
977 553 1068 589 sunt
1088 558 1252 602 patrum,

232 613 317 653 sese
337 627 473 653 senem
494 628 579 654 esse
599 616 740 663 dicere,
764 615 873 654 illum
894 623 1026 654 autem
1048 615 1208 654 unicum
1227 631 1234 655 :

231 679 470 730 praesidium
491 681 592 719 uelle
614 682 654 719 se
676 682 868 720 senectuti
888 694 992 719 suae.

171 757 212 788 45
232 744 296 784 ille
316 746 442 795 primo
463 759 504 784 se
525 745 690 796 negare5
719 747 788 784 sed
809 754 1019 796 postquam
1039 745 1165 784 acrius

231 816 340 860 pater
360 811 487 856 instat,
511 809 602 849 fecit
622 809 742 848 animi
764 818 806 848 ut
826 810 996 849 incertus
1017 811 1127 857 foret,

230 875 400 925 puddrin
419 888 522 914 anne
542 875 665 914 amdri
689 876 971 926 obsequeretur
992 875 1126 926 magis.

231 939 438 979 tundendo
458 947 577 991 atque
598 940 691 980 odio
713 940 885 991 de'nique
907 942 1034 980 effecit
1055 955 1196 980 senex:

230 1004 442 1055 desp6ndit
463 1005 497 1044 ei
518 1013 676 1056 gnatam
698 1007 813 1044 huius
834 1005 955 1045 uicini
975 1006 1166 1057 prdxumi.

170 1084 210 1117 50
229 1082 355 1120 usque
375 1071 471 1109 illud
492 1070 658 1109 uisumst
680 1070 888 1122 Pamphilo
909 1085 959 1110 ne
979 1071 1156 1121 utiquam
1176 1085 1304 1122 graue,

229 1134 358 1174 donec
378 1135 455 1173 iam
477 1135 516 1174 in
538 1135 631 1186 ipsis
652 1135 808 1186 nuptiis,
832 1136 1041 1187 postquam
1062 1136 1171 1175 uidet

228 1201 380 1250 paratas
401 1200 474 1240 nec
497 1215 647 1240 moram
670 1203 787 1240 ullam
809 1201 905 1252 quin
929 1202 1048 1241 ducat
1068 1202 1160 1249 dari,

228 1264 283 1303 ibi
303 1265 465 1304 demum
486 1266 539 1305 ita
558 1280 672 1317 aegre
693 1266 789 1314 tulit,
814 1275 855 1305 ut
876 1267 1000 1318 ipsam
1023 1267 1276 1315 Bacchidem,

228 1329 259 1368 si
279 1331 445 1378 adesset,
469 1333 588 1370 credo
610 1331 664 1370 ibi
685 1332 767 1370 e'ius
789 1332 1160 1372 commiseresceret.

169 1407 207 1441 55
228 1395 499 1446 ubiqu6mque
521 1397 657 1435 datum
679 1404 759 1435 erat
779 1396 947 1447 spatium
969 1397 1200 1444 solitudinis,

228 1468 270 1498 ut
290 1461 477 1512 cdnloqui
498 1475 654 1500 mecum
677 1465 754 1500 una
775 1470 906 1512 posset
923 1478 928 1500 :
960 1465 969 1481 ‘
986 1463 1189 1510 Parmeno,

227 1525 333 1576 perii,
357 1525 453 1576 quid
473 1540 546 1576 ego
567 1527 648 1577 egi!
680 1527 720 1565 in
741 1527 849 1577 qudd
871 1541 933 1567 me
955 1527 1107 1566 conieci
1128 1529 1273 1566 malurn
1293 1531 1299 1565 ἵ

227 1604 307 1629 non
330 1591 467 1641 p6ter0
489 1592 585 1630 ferre
607 1593 693 1639 hoc,
718 1592 935 1632 Parmeno:
967 1593 1063 1644 perii
1084 1593 1221 1632 miser.’

227 1656 323 1694 ΡΗ
354 1663 394 1694 at
414 1655 451 1695 te
472 1655 513 1695 di
534 1657 711 1707 deaeque
733 1656 854 1696 faxint
875 1672 965 1696 cum
989 1658 1064 1697 isto
1085 1658 1191 1705 odid,
1215 1659 1367 1696 Laches
1388 1660 1394 1695 ἒ

167 1723 210 1755 60
227 1722 317 1759 ΡΑ.
349 1728 391 1760 ut
411 1722 462 1760 ad
481 1724 608 1772 pauca
627 1723 800 1771 redeam,
821 1723 980 1762 uxdrem
1002 1724 1164 1762 deducit
1184 1724 1359 1762 domurn.

228 1793 344 1824 nocte
365 1787 429 1824 ssla
449 1785 574 1836 prima
594 1785 784 1837 uirginem
807 1800 887 1826 non
909 1787 1033 1837 attigit
1047 1802 1057 1835 3

227 1864 328 1901 quae
349 1851 597 1890 cdnsecutast
618 1852 696 1890 n6x
717 1865 815 1899 earn,
839 1852 962 1891 nihilc')
984 1852 1118 1904 magis.

224 1917 318 1954 ΡΗ
351 1915 447 1966 quid
467 1913 522 1955 ais
539 1917 555 1955 Ρ
584 1930 675 1955 curn
697 1916 847 1968 uirgine
868 1920 946 1956 una
965 1919 1198 1957 adulescens
1219 1916 1397 1957 cubuerit

224 1982 312 2031 plus
333 1982 460 2032 p6tus‚
483 1995 568 2022 sese
589 1982 654 2021 illa
675 1983 870 2022 abstinere
891 1991 932 2021 ut
953 1983 1156 2034 pdtuerit?

165 2049 205 2091 65
226 2060 306 2086 non
328 2046 409 2085 ueri
430 2046 556 2087 simile
577 2049 675 2087 dicis
696 2062 770 2088 nec
791 2063 927 2088 uerum
948 2048 1121 2087 arbitror.

223 2113 313 2151 ΡΑ.
345 2114 464 2152 credo
486 2114 538 2152 ita
558 2113 681 2153 uideri
704 2114 785 2152 tibi.
844 2128 934 2153 narn
957 2128 1075 2153 nemo
1095 2115 1146 2153 ad
1166 2113 1204 2153 te
1224 2113 1333 2153 uenit

223 2177 297 2216 nisi
319 2178 481 2229 cupiens
502 2179 558 2217 tui
574 2193 583 2226 3
612 2179 676 2217 ille
697 2179 842 2218 inuitus
863 2179 969 2218 illam
990 2181 1162 2219 duxerat.

223 2244 317 2282 ΡΗ
350 2243 446 2294 quid
467 2245 613 2283 deinde
634 2245 705 2282 fit?
760 2246 850 2283 ΡΑ.
881 2244 1021 2284 die'bus
1042 2258 1135 2284 sane
1155 2244 1332 2295 pauculis

271 2347 331 2377 118
355 2357 432 2378 sese
457 2346 517 2378 A:
542 2358 579 2378 56
605 2350 628 2378 Σ
654 2351 682 2378 el
705 2346 861 2379 Donatus
997 2358 1056 2387 133
1081 2349 1144 2379 hoc
1170 2349 1295 2379 diutius
1324 2348 1490 2380 Parmeno
1515 2347 1547 2378 Α

228 2401 285 2430 134
313 2391 418 2421 faxint
436 2390 567 2430 Bentley
584 2403 590 2422 :
616 2392 775 2431 perduint
792 2391 879 2423 codd.
898 2403 903 2422 :
929 2393 1075 2431 perdunt
1095 2393 1177 2434 uolg.

1470 292 1558 330 ΡΑ.

1581 425 1643 461 115

1581 1079 1643 1115 125

1580 1406 1644 1440 130

1581 1730 1641 1766 Ι35

1577 2051 1590 2076 1
1597 2051 1643 2085 40
