1773 2750
780 106 1001 143 ANDRIA
1502 110 1548 146 V.
1568 108 1597 145 ii

232 217 320 264 eho,
343 229 424 255 non
443 223 485 256 tu
505 215 601 256 dixti
621 215 705 255 esse
725 215 824 254 inter
844 228 911 254 eos
932 215 1163 263 inimicitias,
1187 216 1397 256 carnufex?

233 283 329 320 DA.
361 284 462 320 sfint.
537 282 603 320 SI.
634 293 733 331 quor
770 279 884 330 igitur
921 281 984 318 hic
1026 282 1113 319 est?
1190 282 1279 320 CH.
1311 282 1405 331 quid
1444 281 1551 320 illum

445 345 610 384 ce'nses?
638 358 729 383 cum
749 344 813 383 illa
832 344 965 394 litigat.

231 411 328 449 DA.
359 410 481 448 immo
510 422 604 448 uero
633 408 848 459 indignum,
882 409 1083 456 Chremes,
1111 408 1188 447 iam
1218 408 1367 447 facinus
1394 410 1482 448 faxo
1508 423 1554 448 ex

443 487 506 512 me
525 473 671 512 atidies.

143 544 207 589 855
228 538 362 578 ne'scio
382 538 449 589 qui
470 538 587 577 senex
607 539 728 577 modo
748 537 866 585 uenit,
891 537 1020 585 ellum,
1044 537 1248 576 confidens
1270 545 1377 576 catus
1394 553 1401 576 z

229 605 350 654 qu6m
370 603 510 642 faciem
531 603 676 650 uide-As,
700 603 856 642 uidetur
877 602 960 642 esse
981 603 1178 652 quantiux's
1199 603 1297 653 preti
1314 618 1320 641 :
1575 609 1611 641 15

228 669 344 707 tristis
365 668 506 707 ueritais
527 668 627 707 inest
647 668 687 706 in
708 669 817 716 udltu
837 675 956 718 atque
977 667 1016 705 in
1037 668 1166 706 uerbis
1188 669 1295 706 fides.

228 735 292 773 Sl
326 734 421 783 quid
459 746 550 771 narn
588 734 801 783 adportas?
874 733 971 770 DA.
1002 733 1056 770 nss
1094 731 1290 781 equidem,
1333 731 1405 770 nisi
1445 732 1552 782 qudd

442 797 551 835 illum
572 797 706 835 audiui
726 798 866 835 dicere.

228 863 293 902 SJ.
326 862 421 912 quid
441 865 495 900 a'it
515 862 705 900 tandem?
760 863 857 899 DA.
891 860 1114 911 Glycerium
1135 874 1176 900 se
1203 862 1299 900 scire
1320 861 1447 900 ciuem
1469 874 1553 901 esse

442 916 625 964 Atticam.
684 927 749 965 Sl.
781 927 885 972 hem,

139 996 210 1031 860
229 992 391 1038 Dr6m0,
416 993 578 1029 Dromo.
635 992 732 1028 DA.
761 990 857 1040 quid
879 990 964 1029 est?
1020 991 1085 1029 SI.
1110 992 1272 1029 Dromo.
1329 992 1426 1028 DA.
1448 990 1551 1029 audi.

442 1057 507 1095 SI.
539 1054 703 1094 uerbum
720 1055 751 1093 si
771 1055 969 1094 addideris
992 1086 998 1093 .
1023 1086 1029 1093 .
1054 1086 1060 1093 .
1083 1058 1088 1093 !
1122 1057 1283 1093 Dromo.

226 1123 321 1160 DA.
353 1120 446 1159 audi
475 1120 650 1159 6bsecro.
721 1122 818 1158 DR.
850 1120 946 1170 quid
973 1121 1061 1158 uis?
1130 1121 1195 1159 Sl.
1228 1120 1423 1159 sublimen
1453 1121 1553 1158 intro
1573 1137 1614 1160 20

440 1187 546 1223 hunc
566 1198 668 1235 rape,
691 1188 882 1234 quamnim
903 1192 1043 1235 potest.

226 1253 323 1290 DR.
355 1251 503 1301 quem?
558 1251 624 1288 SI.
648 1250 817 1288 Daiuom.
875 1251 972 1288 DA.
996 1262 1113 1299 quarn
1135 1249 1187 1288 ob
1208 1251 1319 1288 rem?
1375 1251 1440 1288 Sl.
1463 1251 1553 1300 quia

441 1315 560 1353 lubet.
606 1327 697 1364 rape
717 1315 890 1364 inquam.
950 1315 1048 1352 DA.
1080 1313 1175 1363 quid
1196 1315 1299 1352 feci?
1355 1316 1420 1353 SI.
1449 1327 1551 1364 rape.

226 1382 324 1419 DA.
356 1380 386 1418 si
407 1380 618 1430 quicquam
639 1378 816 1418 inuenies
837 1378 900 1417 me
921 1378 1141 1426 mentitum,
1165 1378 1346 1417 occidito.
1405 1380 1470 1418 Sl.
1500 1380 1553 1418 nil

441 1444 582 1483 amidio:

228 1511 301 1560 eg6
321 1510 397 1548 iarn
425 1517 462 1549 te
483 1510 727 1549 commdtum
752 1511 926 1548 reddam.
984 1511 1081 1548 DA.
1113 1509 1245 1548 taimen
1275 1509 1345 1548 etsi
1373 1510 1448 1548 hoc
1475 1523 1556 1548 uer-

444 1576 576 1613 timst?
632 1576 697 1614 Sl.
729 1583 872 1613 tamen.

143 1641 209 1687 865
229 1654 321 1679 cura
353 1641 644 1679 ddseruandum
678 1641 866 1687 uinctum,
907 1647 1025 1690 atque
1063 1639 1212 1678 audin?
1259 1640 1554 1690 quadrupedem

444 1705 709 1755 constringito.

230 1784 300 1821 age
321 1770 505 1809 minciam
523 1786 529 1809 :
559 1784 632 1821 ego
652 1773 717 1822 pol
739 1771 868 1818 hdffle,
893 1771 923 1809 si
944 1771 1049 1818 uiud,
1072 1769 1141 1808 tibi
1576 1782 1615 1813 25

231 1835 436 1874 ostendam
458 1835 554 1886 quid
575 1849 683 1874 erum
705 1837 752 1874 sit
771 1836 906 1887 pericli
926 1837 1068 1882 fallere,

231 1908 267 1939 et
306 1900 361 1938 illi
400 1909 560 1951 patrem.
634 1902 722 1940 CH.
754 1902 815 1947 ah,
856 1914 906 1939 ne
945 1899 1050 1939 saeui
1090 1906 1200 1939 tanto
1238 1913 1365 1950 opere.
1436 1901 1500 1938 SI.
1531 1900 1556 1938 ό

445 1966 645 2012 Chremes,

230 2030 414 2080 pietatem
435 2031 564 2080 gnati!
595 2031 728 2068 nc'mne
749 2038 786 2069 te
807 2030 964 2069 miseret
984 2030 1091 2069 mei?

274 2134 338 2172 852
362 2133 447 2164 dixti
478 2132 546 2164 edd.
578 2137 674 2164 ant.:
715 2133 821 2164 dixtin
854 2136 886 2173 Σ,
915 2134 996 2172 seii.
1026 2138 1111 2174 recle,
1141 2137 1178 2164 nt
1200 2133 1389 2165 inimicitias
1417 2135 1557 2174 quinque

230 2176 430 2216 syllabarum
450 2176 492 2207 sit
622 2177 684 2215 857
711 2177 837 2207 ueritas
860 2188 934 2208 cum
961 2177 999 2208 C¹
1024 2177 1179 2208 Donatus
1201 2177 1247 2208 ad
1272 2177 1359 2209 Eun.
1386 2188 1416 2208 v.
1446 2187 1472 2208 1.
1493 2188 1557 2208 22:

230 2220 396 2251 seueritas
418 2230 491 2249 cum
510 2223 574 2251 cett.
594 2219 733 2251 Seruius
752 2220 798 2250 ad
810 2220 896 2251 Aen.
915 2231 944 2252 x.
963 2222 1026 2251 612
1051 2225 1080 2250 et
1104 2219 1218 2261 θοοῖς.
1235 2221 1277 2251 iii.
1296 2230 1355 2260 37:
1381 2221 1485 2252 tristis
1506 2226 1556 2251 est

231 2263 394 2294 seueritas
409 2262 580 2293 Fleckeisen
680 2264 741 2294 861
767 2264 935 2294 sublimen
954 2264 1146 2295 Fleckeisen:
1171 2264 1346 2294 sublimem
1366 2269 1387 2296 Σ
1471 2265 1556 2294 intro

232 2307 320 2337 hune
337 2316 416 2346 rape
437 2306 554 2338 DEG:
580 2307 668 2338 intro
696 2317 777 2347 rape
803 2307 892 2338 hunc
920 2307 1034 2338 BCP:
1059 2307 1235 2338 sublimem
1260 2308 1347 2338 hunc
1370 2309 1456 2338 intro
1476 2318 1556 2347 rape

233 2350 317 2390 uolg.
428 2352 491 2388 864
514 2351 559 2381 sz'c
588 2354 611 2383 Σ
641 2352 706 2382 m'si
726 2350 817 2390 quod
839 2361 901 2390 ego
927 2362 991 2382 om.
1020 2351 1068 2383 P:
1103 2361 1165 2390 ego
1191 2356 1224 2381 te
1247 2351 1404 2382 continuo
1429 2356 1555 2382 mutum

232 2394 369 2424 reddam
387 2393 558 2424 Fleckeisen
692 2395 754 2433 867
782 2395 813 2424 F
811 2395 952 2424 hehel—“en
970 2405 975 2424 :
1001 2404 1093 2424 crum
1111 2395 1190 2434 quid
1210 2398 1232 2426 Σ
