1773 2750
784 132 1015 171 HECYRA
1489 136 1556 172 IV.
1580 134 1625 171 iv

247 258 351 284 nunc
371 245 545 284 {mimum
567 257 717 282 rursum
737 244 788 282 ad
809 242 1051 282 meretricem
1072 245 1235 282 adduxti
1255 251 1363 283 tuom
1382 260 1388 282 z

159 317 229 360 690
247 307 327 363 [cui
348 318 389 348 tu
409 309 620 348 obsecutus
640 307 733 346 facis
753 307 845 346 huie
865 308 965 346 adeo
986 306 1197 361 iniuriam]

245 387 336 412 nam
358 373 397 411 in
417 373 583 412 ezindem
604 371 725 410 uitam
745 371 783 411 te'
804 373 1026 410 reuolutum
1047 372 1180 411 denuo

244 438 362 477 uideo
383 450 477 476 esse.
526 437 614 475 PA.
637 449 776 475 mene.
767 437 784 466 Ρ
836 438 924 475 LA
947 444 985 475 te
1006 438 1158 487 ipsum:
1188 444 1226 476 et
1247 436 1369 476 facis
1361 436 1626 479 1ni1‘uiam:70

243 501 436 553 confingis
455 502 569 540 falsas
590 503 726 540 causas
745 502 796 540 ad
817 492 1078 549 discordiam,
1558 506 1562 509 ’

244 575 286 606 ut
306 581 396 607 cum
416 567 480 605 illa
500 565 622 613 uiuas,
645 565 785 605 testem
806 567 908 604 hane
927 579 1049 616 quom
1070 567 1140 605 abs
1161 574 1199 605 te
1219 566 1424 606 amoueris.

156 638 222 683 695
244 634 442 682 sensitque
461 632 562 670 adeo
582 643 678 669 uxor
692 646 702 679 3
731 644 822 669 nam
844 633 880 669 ei
899 644 1016 669 causa
1036 631 1111 669 alia
1131 631 1232 682 quae
1253 631 1335 679 fuit,

243 709 361 746 quam
382 697 435 735 ob
455 709 535 734 rem
557 696 626 734 zibs
647 702 684 734 te
705 695 860 734 abiret?
915 697 1008 734 ΡΗ
1041 696 1156 746 ρΙέῑηθ
1181 695 1244 734 hic
1265 696 1416 734 diuinzit
1436 711 1442 734 :
1473 710 1563 735 nam

454 761 494 799 id
514 768 583 799 est.

240 827 327 864 PA.
359 826 464 864 dabo
484 826 543 864 itis
564 825 772 864 iurandum
793 827 847 864 nil
868 839 952 865 esse
973 825 1135 864 istorum
1157 826 1264 864 mihi.
1322 828 1409 864 LA.
1441 828 1504 873 ab,
1586 845 1622 878 75

240 892 412 929 redduce
433 903 604 937 uxorem,
627 898 693 928 aut
713 903 832 940 quam
854 891 906 930 ob
927 904 1007 929 rem
1029 904 1108 929 non
1131 903 1229 941 opus
1251 892 1297 929 sit
1318 892 1429 930 cedo.

240 957 328 994 PA.
361 969 439 994 non
461 955 519 994 est
540 968 645 993 nunc
666 963 831 1005 tempus.
890 957 978 994 LA.
1010 958 1174 1006 puerum
1195 955 1365 1006 accipias
1381 971 1390 1003 ς
1420 969 1510 994 nam
1534 958 1562 995 1's

453 1020 614 1070 quidem

153 1099 221 1134 700
240 1084 279 1122 in
299 1086 414 1134 culpa
435 1097 515 1122 non
539 1092 596 1122 est
613 1099 619 1122 :
650 1085 738 1134 post
759 1085 810 1122 de
830 1091 952 1123 matre
973 1086 1119 1124 uidero.

237 1150 326 1188 ΡΑ.
358 1149 596 1188 omnimodis
616 1162 679 1197 ego
698 1148 815 1187 mise'r
835 1162 920 1187 sum
942 1163 1015 1188 nec
1036 1150 1131 1199 quid
1151 1149 1263 1199 agzim
1286 1150 1366 1187 scio
1383 1165 1389 1188 ς

238 1222 295 1252 tot
316 1214 379 1252 me
400 1226 505 1252 nunc
525 1214 641 1252 rebus
663 1214 847 1252 miserum
869 1215 1070 1253 concludit
1090 1221 1210 1264 pater.
1583 1220 1625 1250 80

237 1279 356 1317 abibo
377 1278 480 1326 hinc,
503 1292 685 1329 praesens
706 1279 867 1329 quz'mdo
888 1280 1105 1329 promoueo
1125 1292 1273 1329 parum.

238 1357 328 1382 nam
350 1346 514 1394 puerum
536 1343 685 1382 iniussu
706 1342 825 1382 credo
846 1356 925 1381 non
947 1343 1056 1382 tollet
1077 1355 1178 1389 meo,

152 1421 215 1457 705
237 1408 462 1458 praesertim
485 1408 523 1446 in
545 1421 591 1446 ea
611 1422 650 1446 re
670 1409 791 1458 quom
813 1408 860 1446 sit
881 1408 934 1445 mi
954 1407 1121 1446 adiutrix
1142 1420 1285 1446 socrus.

237 1475 322 1511 LA.
355 1473 488 1523 fugis?
516 1471 619 1520 hem,
643 1486 715 1511 nec
736 1473 948 1523 quicquam
970 1473 1064 1512 certi
1085 1473 1300 1522 respondes
1322 1474 1416 1511 mihi
1433 1475 1502 1511 ,³—

236 1550 331 1575 num
352 1537 422 1575 tibi
443 1537 598 1576 uidetur
619 1537 703 1576 esse
722 1538 829 1587 apud
850 1537 966 1576 sese?
995 1537 1078 1575 sine
1097 1553 1104 1576 :
1582 1542 1621 1582 85

236 1604 412 1651 puerum,
436 1601 645 1652 Phidippe,
665 1601 760 1640 mihi
782 1603 905 1641 cedo:
936 1615 1008 1652 ego
1028 1603 1142 1641 alam.
1199 1604 1294 1641 ΡΗ
1326 1603 1518 1642 maixume.

236 1680 316 1705 non
339 1667 479 1705 mirum
501 1667 591 1705 fecit
614 1665 734 1720 [mea]
758 1670 863 1715 uxor,
887 1667 917 1705 si
939 1668 1015 1706 hoc
1035 1666 1148 1717 aegre
1169 1667 1279 1705 tulit:

150 1744 218 1780 710
236 1731 390 1769 amarae
412 1731 592 1770 mulieres
614 1740 715 1780 sunt,
739 1745 819 1770 non
842 1731 954 1770 facile
974 1731 1071 1770 haec
1092 1733 1230 1770 ferunt.

236 1795 441 1845 propterea
461 1797 557 1835 haec
578 1795 668 1834 itast
683 1809 693 1844 ς
722 1809 813 1835 nam
836 1797 919 1847 ipsa
940 1798 1108 1834 narrauit
1129 1795 1235 1834 mihi.

235 1860 275 1898 id
295 1873 367 1910 ego
388 1860 464 1899 hoc
485 1868 688 1910 praesente
708 1860 779 1899 tibi
800 1862 1001 1899 nolueram
1023 1862 1163 1908 dicere,
1579 1871 1622 1904 90

235 1938 364 1975 neque
384 1925 438 1963 illi
458 1927 667 1965 credebam
688 1927 838 1976 primo:
868 1940 974 1965 nunc
995 1930 1131 1966 uerum
1153 1929 1329 1977 palamst.

235 2004 326 2029 nam
347 1992 511 2029 omnino
531 1991 739 2030 abhorrere
759 1991 934 2029 {mimum
956 1992 1047 2030 huic
1067 1992 1185 2030 uideo
1205 2005 1228 2030 a
1249 1992 1404 2042 nuptiis.

150 2066 215 2102 715
236 2056 322 2093 LA.
354 2055 449 2105 quid
471 2056 561 2106 ergo
581 2069 705 2105 agam,
730 2056 953 2106 Phidippe?
982 2056 1077 2106 quid
1099 2058 1168 2095 das
1189 2056 1326 2095 consili
1344 2059 1360 2095 ?

236 2121 331 2158 ΡΗ
375 2120 471 2170 quid
509 2121 629 2171 agzis?
677 2121 918 2160 meretricem
967 2123 1069 2160 hanc
1117 2123 1284 2172 primum
1333 2123 1557 2160 adeundam

449 2185 592 2223 censeo
613 2200 619 2222 ;

278 2286 344 2325 689
360 2287 498 2317 adduxti
516 2287 651 2318 Funck:
677 2287 806 2317 induxti
826 2286 913 2318 codd.
1057 2289 1119 2327 697
1147 2288 1303 2317 istorsum
1322 2287 1354 2316 A
1496 2297 1555 2326 701

237 2329 425 2362 Fleckeisen:
450 2331 603 2361 omnibus
621 2331 727 2361 modis
746 2331 848 2361 miser
865 2341 936 2361 sum
955 2329 1040 2362 codd.
1165 2341 1224 2370 704
1252 2331 1344 2361 tollet
1362 2332 1392 2362 A
1410 2342 1416 2362 t
1441 2330 1558 2362 tollent

236 2376 259 2405 Σ
394 2383 456 2413 709
481 2383 553 2404 mea
571 2373 637 2404 secl.
658 2374 689 2403 F
687 2374 827 2404 amicius
