1773 2750
100 100 204 139 IV.i
610 102 649 140 P.
683 102 935 142 TERENTI
966 103 1098 141 AFRI

153 224 170 255 5
189 210 318 261 ne'que
352 225 492 263 negare
530 211 674 251 audere
688 227 698 261 ς
738 214 860 252 Thais
899 213 1014 263 porro
1052 213 1194 252 instare
1232 219 1274 251 ut
1311 212 1513 251 hominem

404 276 553 316 inuitet.

187 342 227 380 id
248 340 414 380 faciebat
434 341 628 381 retinendi
648 341 750 380 illius
771 343 898 389 causa,
921 341 1013 392 quia
1033 341 1097 380 illa
1117 340 1217 391 quae
1239 340 1422 391 cupiebat
1531 338 1601 372 620

186 405 236 444 de
257 419 387 444 sorore
408 405 491 444 eius
512 405 684 444 indicare
704 406 755 444 ad
775 406 862 444 eam
883 419 963 444 rem
986 413 1140 455 tempus
1160 406 1240 443 non
1261 412 1351 443 erat.

187 469 326 509 inuitat
347 470 463 509 tristis
480 486 486 509 :
517 470 669 508 mansit.
729 469 783 508 ibi
804 469 869 508 illa
889 483 980 509 cum
1001 471 1067 509 sslo
1088 483 1310 508 sermonem
1332 468 1420 507 ilico
1435 482 1445 516 3

189 535 300 573 miles
321 548 415 573 uero
435 534 509 573 sibi
529 542 665 585 putare
685 535 903 573 adductum
923 542 1014 573 ante
1035 535 1170 573 oculos
1190 533 1389 573 ae'mulum
1405 548 1416 581 3

129 611 167 633 10
187 599 311 638 uoluit
332 601 459 639 facere
478 601 615 640 contra
637 599 729 639 huic
748 613 861 651 aegre
878 614 884 638 :
918 601 1058 639 ‘heus'
1079 599 1205 650 inquit
1227 603 1236 619 ‘
1248 613 1378 649 puere,
1402 598 1513 636 Pam-

401 665 549 715 philam

188 728 353 776 accerse,
394 737 436 768 ut
474 729 642 769 delectet
681 729 745 768 hic
783 731 879 768 nos.'
947 731 1011 768 illa
1051 727 1273 782 [exclamat]
1316 728 1513 766 ‘minume
1531 733 1596 776 625

401 793 599 843 ge'ntium:

187 859 226 897 in
247 857 477 897 conuiuium
498 859 652 896 illam?'
683 857 793 896 miles
814 857 999 896 tendere:
1029 857 1122 896 inde
1141 859 1192 896 ad
1212 857 1388 908 iurgium.

187 923 333 962 interea
353 935 492 960 aurum
512 921 587 961 sibi
607 923 708 960 clam
729 921 868 961 mulier
888 922 1022 970 demit,
1045 923 1112 961 dat
1132 922 1186 960 mi
1206 929 1249 960 ut
1267 923 1451 960 auferam.

187 987 264 1026 hoc
284 994 343 1026 est
362 985 485 1037 signi:
515 985 584 1026 ubi
603 987 774 1036 primum
794 986 947 1036 poterit,
971 999 1012 1024 se
1033 985 1140 1024 sslinc
1158 984 1353 1024 subduce't
1372 984 1465 1023 scio.

138 1131 167 1168 ii
537 1130 835 1166 PHAEDRIA
948 1131 1164 1167 DORIAS

188 1229 295 1265 Dum
316 1228 380 1266 rus
401 1240 459 1274 eo,
482 1226 596 1276 coepi
617 1225 772 1276 egomet
793 1239 950 1265 mecum
970 1226 1069 1265 inter
1089 1225 1184 1273 uias,

186 1291 239 1330 ita
258 1293 301 1330 ut
322 1292 374 1339 fit,
398 1291 466 1330 ubi
486 1291 582 1341 quid
604 1292 642 1329 1'11
663 1290 833 1330 animost
855 1290 1068 1338 molestiae,
1531 1292 1602 1337 630

185 1355 301 1394 aliam
323 1369 403 1394 rem
425 1370 471 1394 ex
491 1355 566 1393 alia
586 1354 755 1405 cogitare
776 1363 813 1394 et
834 1368 880 1394 ea
900 1355 1034 1394 omnia

185 1420 360 1470 peiorem
381 1419 420 1458 in
441 1415 602 1470 partem.
661 1421 757 1470 quid
778 1428 894 1470 opust
914 1419 1074 1459 uerbis?
1102 1421 1198 1459 dum
1220 1419 1318 1459 haec
1336 1427 1444 1471 puto,

148 1502 165 1534 5
185 1484 364 1534 praeterii
385 1484 599 1534 inprudens
620 1485 764 1522 uillam.
824 1485 940 1535 longe
960 1484 1037 1523 iam
1058 1484 1241 1531 abieram,

185 1562 306 1599 quom
327 1548 454 1587 se'nsi:
483 1549 602 1587 redeo
623 1550 786 1596 rursum,
809 1550 910 1588 male
931 1550 1024 1588 uero
1044 1563 1108 1588 nie
1127 1549 1288 1588 habens.

186 1613 253 1652 ubi
272 1614 324 1652 ad
345 1614 472 1663 ipsum
493 1613 584 1651 ueni
605 1612 905 1660 deuorticulum,
929 1613 1085 1652 constiti
1102 1629 1108 1652 :
1531 1616 1596 1660 635

185 1677 322 1727 occe'pi
344 1690 499 1715 mecum
520 1676 690 1727 cogitare
713 1678 838 1725 ‘hem‚
861 1677 1026 1716 biduom
1046 1677 1110 1716 hic

186 1740 465 1780 manendumst
485 1741 558 1780 soli
578 1743 661 1780 sine
682 1741 775 1779 illa?
804 1741 900 1792 quid
921 1749 1004 1780 tum
1024 1743 1192 1792 postea?

126 1821 167 1845 10
185 1806 239 1844 nil
260 1805 327 1845 est.
387 1805 513 1856 quid?
541 1805 625 1844 nil?
654 1805 685 1844 si
706 1807 787 1845 non
808 1806 994 1857 tangendi
1015 1806 1176 1856 copiast,

185 1872 261 1909 eho
282 1870 331 1908 ne'
352 1869 515 1909 uidendi
536 1871 698 1920 quidem
719 1870 818 1909 erit?
847 1870 878 1909 si
898 1870 996 1910 illud
1016 1871 1095 1910 non
1116 1871 1218 1918 licet,

185 1936 322 1973 saltem
344 1935 419 1973 hoc
440 1934 583 1974 licebit.
642 1934 746 1973 certe
766 1943 939 1974 extrema
958 1937 1061 1974 linea
1530 1944 1601 1985 640

184 1999 314 2038 amare
334 2000 441 2038 haud
461 1999 514 2037 nil
536 2000 617 2038 est)
674 2001 807 2038 usslam
827 2001 1029 2050 praetereo
1050 2000 1187 2039 sciens.

185 2065 255 2104 sed
275 2064 371 2114 quid
391 2065 468 2103 hoe
488 2065 596 2114 quod
617 2062 756 2102 timida
775 2064 905 2103 subito
926 2064 1120 2115 egreditur
1141 2064 1329 2115 Pythias?

228 2169 291 2199 622
316 2168 392 2199 ilico
415 2166 471 2198 A:
496 2167 615 2206 incipit
631 2169 675 2198 2:
717 2166 840 2206 occipit
865 2166 986 2198 Donat.
1021 2167 1064 2197 in‘
1086 2167 1195 2198 lcmm.
1317 2167 1380 2205 624
1405 2177 1509 2207 puero

184 2210 373 2242 Erasmus:
411 2220 497 2251 puer
523 2209 633 2241 codd.:
663 2219 759 2250 puer,
792 2209 801 2239 i
833 2209 965 2249 Bentley
1145 2211 1209 2250 625
1244 2210 1410 2240 exclamat
1439 2210 1507 2241 secl.

187 2255 289 2295 Guyet
417 2255 477 2293 631
505 2253 617 2286 omnia
647 2254 681 2285 in
701 2253 706 2296 Ι
728 2253 876 2294 peiorem
905 2258 1033 2294 partem
1061 2252 1150 2285 codd.
1172 2264 1179 2284 ε
1219 2256 1344 2294 transp.
1378 2253 1511 2292 Bentley

184 2300 250 2337 640
272 2298 394 2329 lineam
410 2297 459 2328 A¹
