<?xml version="1.0" encoding="UTF-8"?>
<!DOCTYPE html PUBLIC "-//W3C//DTD XHTML 1.0 Transitional//EN"
    "http://www.w3.org/TR/xhtml1/DTD/xhtml1-transitional.dtd">
<html xmlns="http://www.w3.org/1999/xhtml" xml:lang="en" lang="en">
 <head>
  <title>
</title>
<meta http-equiv="Content-Type" content="text/html;charset=utf-8" />
  <meta name='ocr-system' content='tesseract 3.04.00' />
  <meta name='ocr-capabilities' content='ocr_page ocr_carea ocr_par ocr_line ocrx_word'/>
</head>
<body>
  <div class='ocr_page' id='page_1' title='image "./comoediaerecogno00tereuoft_0065.png"; bbox 0 0 1773 2750; ppageno 0'>
   <div class='ocr_carea' id='block_1_1' title="bbox 810 117 1644 159">
    <p class='ocr_par' dir='ltr' id='par_1_1' title="bbox 810 117 1644 159">
     <span class='ocr_line' id='line_1_1' title="bbox 810 117 1644 159; baseline 0.005 -4"><span class='ocrx_word' id='word_1_1' title='bbox 810 117 1032 155; x_wconf 81' lang='lat' dir='ltr'>ANDRIA</span> <span class='ocrx_word' id='word_1_2' title='bbox 1526 122 1574 159; x_wconf 88' lang='lat' dir='ltr'>V.</span> <span class='ocrx_word' id='word_1_3' title='bbox 1597 120 1644 159; x_wconf 89' lang='lat' dir='ltr'>iv</span> 
     </span>
    </p>
   </div>
   <div class='ocr_carea' id='block_1_2' title="bbox 168 227 1639 911">
    <p class='ocr_par' dir='ltr' id='par_1_2' title="bbox 259 227 1577 342">
     <span class='ocr_line' id='line_1_2' title="bbox 259 227 1577 280; baseline 0.001 -12"><span class='ocrx_word' id='word_1_4' title='bbox 259 227 355 278; x_wconf 86' lang='lat' dir='ltr'>quid</span> <span class='ocrx_word' id='word_1_5' title='bbox 370 228 456 268; x_wconf 62' lang='lat' dir='ltr'>edm</span> <span class='ocrx_word' id='word_1_6' title='bbox 472 228 586 267; x_wconf 88' lang='lat' dir='ltr'>tum?</span> <span class='ocrx_word' id='word_1_7' title='bbox 613 240 776 267; x_wconf 79' lang='lat' dir='ltr'>suamne</span> <span class='ocrx_word' id='word_1_8' title='bbox 792 240 877 266; x_wconf 85' lang='lat' dir='ltr'>esse</span> <span class='ocrx_word' id='word_1_9' title='bbox 891 227 1026 266; x_wconf 77' lang='lat' dir='ltr'>aibat?</span> <span class='ocrx_word' id='word_1_10' title='bbox 1069 229 1153 267; x_wconf 98' lang='lat' dir='ltr'><em>CR.</em></span> <span class='ocrx_word' id='word_1_11' title='bbox 1176 241 1266 267; x_wconf 84' lang='lat' dir='ltr'><em>non.</em></span> <span class='ocrx_word' id='word_1_12' title='bbox 1311 231 1398 268; x_wconf 87' lang='lat' dir='ltr'>CH</span> <span class='ocrx_word' id='word_1_13' title='bbox 1421 231 1577 280; x_wconf 80' lang='lat' dir='ltr'>quoiam</span> 
     </span>
     <span class='ocr_line' id='line_1_3' title="bbox 471 290 1060 342; baseline -0.002 -12"><span class='ocrx_word' id='word_1_14' title='bbox 471 293 614 342; x_wconf 83' lang='lat' dir='ltr'>igitur?</span> <span class='ocrx_word' id='word_1_15' title='bbox 673 293 756 332; x_wconf 83' lang='lat' dir='ltr'><em>CR.</em></span> <span class='ocrx_word' id='word_1_16' title='bbox 787 290 911 330; x_wconf 84' lang='lat' dir='ltr'>fratris</span> <span class='ocrx_word' id='word_1_17' title='bbox 931 290 1060 330; x_wconf 81' lang='lat' dir='ltr'>filiam.</span> 
     </span>
    </p>

    <p class='ocr_par' dir='ltr' id='par_1_3' title="bbox 262 352 1639 472">
     <span class='ocr_line' id='line_1_4' title="bbox 262 352 1639 406; baseline -0.001 -10"><span class='ocrx_word' id='word_1_18' title='bbox 262 358 351 397; x_wconf 91' lang='lat' dir='ltr'>CH</span> <span class='ocrx_word' id='word_1_19' title='bbox 381 359 484 396; x_wconf 71' lang='lat' dir='ltr'>certe</span> <span class='ocrx_word' id='word_1_20' title='bbox 505 363 640 396; x_wconf 87' lang='lat' dir='ltr'>meast.</span> <span class='ocrx_word' id='word_1_21' title='bbox 702 357 785 396; x_wconf 91' lang='lat' dir='ltr'><em>CR.</em></span> <span class='ocrx_word' id='word_1_22' title='bbox 818 355 914 406; x_wconf 90' lang='lat' dir='ltr'>quid</span> <span class='ocrx_word' id='word_1_23' title='bbox 933 352 1019 394; x_wconf 78' lang='lat' dir='ltr'>ais?</span> <span class='ocrx_word' id='word_1_24' title='bbox 1076 357 1140 395; x_wconf 84' lang='lat' dir='ltr'><em>SI.</em></span> <span class='ocrx_word' id='word_1_25' title='bbox 1172 356 1268 406; x_wconf 88' lang='lat' dir='ltr'>quid</span> <span class='ocrx_word' id='word_1_26' title='bbox 1289 364 1330 395; x_wconf 91' lang='lat' dir='ltr'>tu</span> <span class='ocrx_word' id='word_1_27' title='bbox 1349 360 1434 396; x_wconf 75' lang='lat' dir='ltr'>ais?</span> <span class='ocrx_word' id='word_1_28' title='bbox 1489 361 1576 397; x_wconf 67' lang='grc' dir='ltr'>ΡΛ.</span> <span class='ocrx_word' id='word_1_29' title='bbox 1599 373 1639 402; x_wconf 76' lang='lat'>30</span> 
     </span>
     <span class='ocr_line' id='line_1_5' title="bbox 469 420 1023 472; baseline -0.005 -12"><span class='ocrx_word' id='word_1_30' title='bbox 469 421 590 472; x_wconf 72' lang='lat' dir='ltr'>airrige</span> <span class='ocrx_word' id='word_1_31' title='bbox 609 420 722 469; x_wconf 87' lang='lat' dir='ltr'>auris,</span> <span class='ocrx_word' id='word_1_32' title='bbox 746 420 973 471; x_wconf 57' lang='lat' dir='ltr'>Pamphile!</span> <span class='ocrx_word' id='word_1_33' title='bbox 1019 453 1023 456; x_wconf 84' lang='lat'><em>.</em></span> 
     </span>
    </p>

    <p class='ocr_par' dir='ltr' id='par_1_4' title="bbox 257 484 1575 589">
     <span class='ocr_line' id='line_1_6' title="bbox 257 484 1575 537; baseline 0.001 -12"><span class='ocrx_word' id='word_1_34' title='bbox 257 487 323 525; x_wconf 88' lang='lat' dir='ltr'><em>SI.</em></span> <span class='ocrx_word' id='word_1_35' title='bbox 353 485 420 537; x_wconf 91' lang='lat' dir='ltr'>qui</span> <span class='ocrx_word' id='word_1_36' title='bbox 441 486 482 526; x_wconf 94' lang='lat' dir='ltr'>id</span> <span class='ocrx_word' id='word_1_37' title='bbox 501 485 657 525; x_wconf 89' lang='lat' dir='ltr'>cre&#39;dis?</span> <span class='ocrx_word' id='word_1_38' title='bbox 716 486 805 525; x_wconf 90' lang='lat' dir='ltr'>CH</span> <span class='ocrx_word' id='word_1_39' title='bbox 838 484 987 523; x_wconf 84' lang='lat' dir='ltr'>Phania</span> <span class='ocrx_word' id='word_1_40' title='bbox 1008 484 1085 524; x_wconf 82' lang='lat' dir='ltr'>illie</span> <span class='ocrx_word' id='word_1_41' title='bbox 1105 486 1218 525; x_wconf 81' lang='lat' dir='ltr'>frater</span> <span class='ocrx_word' id='word_1_42' title='bbox 1242 484 1352 524; x_wconf 87' lang='lat' dir='ltr'>me&#39;us</span> <span class='ocrx_word' id='word_1_43' title='bbox 1372 486 1453 524; x_wconf 88' lang='lat' dir='ltr'>fuit.</span> <span class='ocrx_word' id='word_1_44' title='bbox 1511 489 1575 526; x_wconf 76' lang='lat' dir='ltr'><em>Sl.</em></span> 
     </span>
     <span class='ocr_line' id='line_1_7' title="bbox 470 549 775 589; baseline -0.007 0"><span class='ocrx_word' id='word_1_45' title='bbox 470 563 605 589; x_wconf 85' lang='lat' dir='ltr'>noram</span> <span class='ocrx_word' id='word_1_46' title='bbox 626 549 663 588; x_wconf 89' lang='lat' dir='ltr'>e&#39;t</span> <span class='ocrx_word' id='word_1_47' title='bbox 683 549 775 588; x_wconf 83' lang='lat' dir='ltr'>scio.</span> 
     </span>
    </p>

    <p class='ocr_par' dir='ltr' id='par_1_5' title="bbox 168 613 1578 666">
     <span class='ocr_line' id='line_1_8' title="bbox 168 613 1578 666; baseline 0 -12"><span class='ocrx_word' id='word_1_48' title='bbox 168 621 234 659; x_wconf 88' lang='grc'>935</span> <span class='ocrx_word' id='word_1_49' title='bbox 260 615 349 654; x_wconf 91' lang='lat' dir='ltr'>CH</span> <span class='ocrx_word' id='word_1_50' title='bbox 380 614 411 653; x_wconf 91' lang='lat' dir='ltr'>is</span> <span class='ocrx_word' id='word_1_51' title='bbox 445 614 592 654; x_wconf 76' lang='lat' dir='ltr'>bellum</span> <span class='ocrx_word' id='word_1_52' title='bbox 625 614 718 653; x_wconf 87' lang='lat' dir='ltr'>hine</span> <span class='ocrx_word' id='word_1_53' title='bbox 752 613 902 664; x_wconf 82' lang='lat' dir='ltr'>fugiens</span> <span class='ocrx_word' id='word_1_54' title='bbox 933 614 1074 665; x_wconf 87' lang='lat' dir='ltr'>me&#39;que</span> <span class='ocrx_word' id='word_1_55' title='bbox 1108 614 1147 652; x_wconf 84' lang='lat' dir='ltr'>in</span> <span class='ocrx_word' id='word_1_56' title='bbox 1177 614 1311 653; x_wconf 78' lang='lat' dir='ltr'>Asiam</span> <span class='ocrx_word' id='word_1_57' title='bbox 1342 614 1578 666; x_wconf 78' lang='lat' dir='ltr'>persequens</span> 
     </span>
    </p>

    <p class='ocr_par' dir='ltr' id='par_1_6' title="bbox 469 679 746 730">
     <span class='ocr_line' id='line_1_9' title="bbox 469 679 746 730; baseline 0 -13"><span class='ocrx_word' id='word_1_58' title='bbox 469 679 724 730; x_wconf 80' lang='lat' dir='ltr'>proficiscitur</span> <span class='ocrx_word' id='word_1_59' title='bbox 740 695 746 717; x_wconf 93' lang='lat'>:</span> 
     </span>
    </p>

    <p class='ocr_par' dir='ltr' id='par_1_7' title="bbox 255 743 1578 794">
     <span class='ocr_line' id='line_1_10' title="bbox 255 743 1578 794; baseline 0.001 -12"><span class='ocrx_word' id='word_1_60' title='bbox 255 750 339 782; x_wconf 94' lang='lat' dir='ltr'>tum</span> <span class='ocrx_word' id='word_1_61' title='bbox 354 743 459 783; x_wconf 55' lang='lat' dir='ltr'>illem</span> <span class='ocrx_word' id='word_1_62' title='bbox 476 744 638 783; x_wconf 88' lang='lat' dir='ltr'>ueritust</span> <span class='ocrx_word' id='word_1_63' title='bbox 651 745 868 793; x_wconf 75' lang='lat' dir='ltr'>relinquere</span> <span class='ocrx_word' id='word_1_64' title='bbox 882 743 955 782; x_wconf 86' lang='lat' dir='ltr'>hic.</span> <span class='ocrx_word' id='word_1_65' title='bbox 987 745 1143 794; x_wconf 80' lang='lat' dir='ltr'>postilla</span> <span class='ocrx_word' id='word_1_66' title='bbox 1158 757 1263 783; x_wconf 84' lang='lat' dir='ltr'>nunc</span> <span class='ocrx_word' id='word_1_67' title='bbox 1278 744 1446 794; x_wconf 88' lang='lat' dir='ltr'>primum</span> <span class='ocrx_word' id='word_1_68' title='bbox 1459 745 1578 784; x_wconf 76' lang='lat' dir='ltr'>audio</span> 
     </span>
    </p>

    <p class='ocr_par' dir='ltr' id='par_1_8' title="bbox 253 808 1576 911">
     <span class='ocr_line' id='line_1_11' title="bbox 253 808 1576 859; baseline 0.001 -12"><span class='ocrx_word' id='word_1_69' title='bbox 253 808 351 859; x_wconf 89' lang='lat' dir='ltr'>quid</span> <span class='ocrx_word' id='word_1_70' title='bbox 373 808 440 848; x_wconf 83' lang='lat' dir='ltr'>i116</span> <span class='ocrx_word' id='word_1_71' title='bbox 469 809 516 847; x_wconf 91' lang='lat' dir='ltr'>sit</span> <span class='ocrx_word' id='word_1_72' title='bbox 546 810 701 847; x_wconf 84' lang='lat' dir='ltr'>factum.</span> <span class='ocrx_word' id='word_1_73' title='bbox 761 809 848 847; x_wconf 80' lang='grc' dir='ltr'>ΡΑ.</span> <span class='ocrx_word' id='word_1_74' title='bbox 880 809 945 847; x_wconf 83' lang='lat' dir='ltr'>uix</span> <span class='ocrx_word' id='word_1_75' title='bbox 973 821 1060 847; x_wconf 91' lang='lat' dir='ltr'>sum</span> <span class='ocrx_word' id='word_1_76' title='bbox 1089 810 1195 859; x_wconf 85' lang='lat' dir='ltr'>apud</span> <span class='ocrx_word' id='word_1_77' title='bbox 1225 822 1311 848; x_wconf 85' lang='lat' dir='ltr'>me:</span> <span class='ocrx_word' id='word_1_78' title='bbox 1343 809 1396 847; x_wconf 83' lang='lat' dir='ltr'>ita</span> <span class='ocrx_word' id='word_1_79' title='bbox 1424 809 1576 848; x_wconf 56' lang='lat' dir='ltr'>animus</span> 
     </span>
     <span class='ocr_line' id='line_1_12' title="bbox 468 874 834 911; baseline 0 0"><span class='ocrx_word' id='word_1_80' title='bbox 468 874 707 911; x_wconf 78' lang='lat' dir='ltr'>commotust</span> <span class='ocrx_word' id='word_1_81' title='bbox 727 880 834 911; x_wconf 89' lang='lat' dir='ltr'>metu</span> 
     </span>
    </p>
   </div>
   <div class='ocr_carea' id='block_1_3' title="bbox 253 937 1636 1116">
    <p class='ocr_par' dir='ltr' id='par_1_9' title="bbox 253 937 1636 1116">
     <span class='ocr_line' id='line_1_13' title="bbox 253 937 1636 988; baseline -0.001 -13"><span class='ocrx_word' id='word_1_82' title='bbox 253 950 322 988; x_wconf 89' lang='lat' dir='ltr'>spe</span> <span class='ocrx_word' id='word_1_83' title='bbox 341 937 498 987; x_wconf 60' lang='lat' dir='ltr'>gaudio,</span> <span class='ocrx_word' id='word_1_84' title='bbox 518 937 697 977; x_wconf 68' lang='lat' dir='ltr'>mira&#39;mdo</span> <span class='ocrx_word' id='word_1_85' title='bbox 718 944 827 976; x_wconf 80' lang='lat' dir='ltr'>tanto</span> <span class='ocrx_word' id='word_1_86' title='bbox 848 938 927 976; x_wconf 73' lang='lat' dir='ltr'>tzim</span> <span class='ocrx_word' id='word_1_87' title='bbox 948 937 1153 987; x_wconf 89' lang='lat' dir='ltr'>repentino</span> <span class='ocrx_word' id='word_1_88' title='bbox 1173 938 1249 976; x_wconf 79' lang='lat' dir='ltr'>hoe</span> <span class='ocrx_word' id='word_1_89' title='bbox 1269 938 1387 977; x_wconf 87' lang='lat' dir='ltr'><em>bono.</em></span> <span class='ocrx_word' id='word_1_90' title='bbox 1597 955 1636 988; x_wconf 80' lang='lat'>35</span> 
     </span>
     <span class='ocr_line' id='line_1_14' title="bbox 253 1001 1621 1052; baseline -0.002 -11"><span class='ocrx_word' id='word_1_91' title='bbox 253 1003 319 1041; x_wconf 84' lang='lat' dir='ltr'><em>SI.</em></span> <span class='ocrx_word' id='word_1_92' title='bbox 340 1015 391 1041; x_wconf 89' lang='lat' dir='ltr'>ne</span> <span class='ocrx_word' id='word_1_93' title='bbox 410 1001 523 1040; x_wconf 55' lang='lat' dir='ltr'>istam</span> <span class='ocrx_word' id='word_1_94' title='bbox 540 1001 783 1041; x_wconf 86' lang='lat' dir='ltr'>multimodis</span> <span class='ocrx_word' id='word_1_95' title='bbox 803 1009 910 1041; x_wconf 88' lang='lat' dir='ltr'>tuam</span> <span class='ocrx_word' id='word_1_96' title='bbox 927 1001 1093 1042; x_wconf 82' lang='lat' dir='ltr'>inueniri</span> <span class='ocrx_word' id='word_1_97' title='bbox 1113 1003 1276 1052; x_wconf 76' lang='lat' dir='ltr'>gaudeo.</span> <span class='ocrx_word' id='word_1_98' title='bbox 1334 1004 1422 1041; x_wconf 77' lang='grc' dir='ltr'>ΡΑ.</span> <span class='ocrx_word' id='word_1_99' title='bbox 1445 1003 1573 1049; x_wconf 78' lang='lat' dir='ltr'>credo,</span> <span class='ocrx_word' id='word_1_100' title='bbox 1618 1036 1621 1038; x_wconf 86' lang='lat'><em>.</em></span> 
     </span>
     <span class='ocr_line' id='line_1_15' title="bbox 466 1074 584 1116; baseline 0 -11"><span class='ocrx_word' id='word_1_101' title='bbox 466 1074 584 1116; x_wconf 83' lang='lat' dir='ltr'>pater.</span> 
     </span>
    </p>
   </div>
   <div class='ocr_carea' id='block_1_4' title="bbox 161 1131 1634 1957">
    <p class='ocr_par' dir='ltr' id='par_1_10' title="bbox 161 1131 1634 1957">
     <span class='ocr_line' id='line_1_16' title="bbox 165 1131 1573 1182; baseline 0 -13"><span class='ocrx_word' id='word_1_102' title='bbox 165 1143 237 1178; x_wconf 87' lang='lat'>940</span> <span class='ocrx_word' id='word_1_103' title='bbox 256 1132 346 1171; x_wconf 90' lang='lat' dir='ltr'>CH</span> <span class='ocrx_word' id='word_1_104' title='bbox 376 1138 416 1170; x_wconf 89' lang='lat' dir='ltr'>at</span> <span class='ocrx_word' id='word_1_105' title='bbox 435 1133 638 1182; x_wconf 69' lang='lat' dir='ltr'>sorripulus</span> <span class='ocrx_word' id='word_1_106' title='bbox 659 1131 712 1169; x_wconf 89' lang='lat' dir='ltr'>mi</span> <span class='ocrx_word' id='word_1_107' title='bbox 739 1131 856 1171; x_wconf 86' lang='lat' dir='ltr'>etiam</span> <span class='ocrx_word' id='word_1_108' title='bbox 878 1134 978 1170; x_wconf 70' lang='lat' dir='ltr'>tinus</span> <span class='ocrx_word' id='word_1_109' title='bbox 999 1139 1115 1171; x_wconf 81' lang='lat' dir='ltr'>restat</span> <span class='ocrx_word' id='word_1_110' title='bbox 1135 1132 1202 1182; x_wconf 85' lang='lat' dir='ltr'>qui</span> <span class='ocrx_word' id='word_1_111' title='bbox 1228 1145 1290 1170; x_wconf 90' lang='lat' dir='ltr'>me</span> <span class='ocrx_word' id='word_1_112' title='bbox 1315 1132 1415 1170; x_wconf 85' lang='lat' dir='ltr'>male</span> <span class='ocrx_word' id='word_1_113' title='bbox 1444 1131 1573 1171; x_wconf 80' lang='lat' dir='ltr'>habet.</span> 
     </span>
     <span class='ocr_line' id='line_1_17' title="bbox 465 1197 808 1247; baseline 0.006 -13"><span class='ocrx_word' id='word_1_114' title='bbox 465 1197 552 1235; x_wconf 76' lang='grc' dir='ltr'>ΡΑ.</span> <span class='ocrx_word' id='word_1_115' title='bbox 584 1197 724 1247; x_wconf 82' lang='lat' dir='ltr'>dignus</span> <span class='ocrx_word' id='word_1_116' title='bbox 745 1210 808 1236; x_wconf 90' lang='lat' dir='ltr'>es:</span> 
     </span>
     <span class='ocr_line' id='line_1_18' title="bbox 251 1260 1571 1312; baseline 0.001 -14"><span class='ocrx_word' id='word_1_117' title='bbox 251 1273 343 1298; x_wconf 86' lang='lat' dir='ltr'>cum</span> <span class='ocrx_word' id='word_1_118' title='bbox 370 1261 436 1299; x_wconf 61' lang='lat' dir='ltr'>tud</span> <span class='ocrx_word' id='word_1_119' title='bbox 462 1260 658 1312; x_wconf 83' lang='lat' dir='ltr'>religione,</span> <span class='ocrx_word' id='word_1_120' title='bbox 688 1260 834 1308; x_wconf 75' lang='lat' dir='ltr'>odium,</span> <span class='ocrx_word' id='word_1_121' title='bbox 859 1262 1009 1301; x_wconf 90' lang='lat' dir='ltr'>nodum</span> <span class='ocrx_word' id='word_1_122' title='bbox 1039 1261 1078 1299; x_wconf 87' lang='lat' dir='ltr'>in</span> <span class='ocrx_word' id='word_1_123' title='bbox 1107 1261 1234 1311; x_wconf 83' lang='lat' dir='ltr'>scirpo</span> <span class='ocrx_word' id='word_1_124' title='bbox 1261 1260 1423 1311; x_wconf 82' lang='lat' dir='ltr'>quaeris.</span> <span class='ocrx_word' id='word_1_125' title='bbox 1486 1262 1571 1300; x_wconf 94' lang='lat' dir='ltr'><em>CR.</em></span> 
     </span>
     <span class='ocr_line' id='line_1_19' title="bbox 463 1324 791 1375; baseline 0.003 -12"><span class='ocrx_word' id='word_1_126' title='bbox 463 1326 559 1375; x_wconf 86' lang='lat' dir='ltr'>quid</span> <span class='ocrx_word' id='word_1_127' title='bbox 580 1324 683 1364; x_wconf 89' lang='lat' dir='ltr'>istud</span> <span class='ocrx_word' id='word_1_128' title='bbox 705 1327 791 1364; x_wconf 88' lang='lat' dir='ltr'>est?</span> 
     </span>
     <span class='ocr_line' id='line_1_20' title="bbox 254 1389 1573 1429; baseline 0.001 -1"><span class='ocrx_word' id='word_1_129' title='bbox 254 1390 344 1428; x_wconf 90' lang='lat' dir='ltr'>CH</span> <span class='ocrx_word' id='word_1_130' title='bbox 376 1389 521 1428; x_wconf 78' lang='lat' dir='ltr'>nomen</span> <span class='ocrx_word' id='word_1_131' title='bbox 555 1403 636 1429; x_wconf 86' lang='lat' dir='ltr'>non</span> <span class='ocrx_word' id='word_1_132' title='bbox 670 1391 866 1428; x_wconf 82' lang='lat' dir='ltr'>conuenit.</span> <span class='ocrx_word' id='word_1_133' title='bbox 948 1391 1031 1429; x_wconf 91' lang='lat' dir='ltr'>CR.</span> <span class='ocrx_word' id='word_1_134' title='bbox 1063 1389 1134 1428; x_wconf 84' lang='lat' dir='ltr'>fuit</span> <span class='ocrx_word' id='word_1_135' title='bbox 1173 1390 1302 1429; x_wconf 86' lang='lat' dir='ltr'>hercle</span> <span class='ocrx_word' id='word_1_136' title='bbox 1339 1389 1430 1428; x_wconf 85' lang='lat' dir='ltr'>huic</span> <span class='ocrx_word' id='word_1_137' title='bbox 1468 1389 1573 1429; x_wconf 59' lang='lat' dir='ltr'>&amp;iliud</span> 
     </span>
     <span class='ocr_line' id='line_1_21' title="bbox 463 1454 1082 1504; baseline 0 -12"><span class='ocrx_word' id='word_1_138' title='bbox 463 1467 617 1504; x_wconf 86' lang='lat' dir='ltr'>paruae.</span> <span class='ocrx_word' id='word_1_139' title='bbox 680 1455 769 1493; x_wconf 92' lang='lat' dir='ltr'>CH</span> <span class='ocrx_word' id='word_1_140' title='bbox 801 1454 922 1504; x_wconf 83' lang='lat' dir='ltr'>quod,</span> <span class='ocrx_word' id='word_1_141' title='bbox 944 1454 1082 1493; x_wconf 87' lang='lat' dir='ltr'>Crito?</span> 
     </span>
     <span class='ocr_line' id='line_1_22' title="bbox 249 1518 1634 1570; baseline -0.001 -12"><span class='ocrx_word' id='word_1_142' title='bbox 249 1532 344 1558; x_wconf 89' lang='lat' dir='ltr'>num</span> <span class='ocrx_word' id='word_1_143' title='bbox 373 1520 469 1570; x_wconf 84' lang='lat' dir='ltr'>quid</span> <span class='ocrx_word' id='word_1_144' title='bbox 499 1518 740 1558; x_wconf 87' lang='lat' dir='ltr'>meministi?</span> <span class='ocrx_word' id='word_1_145' title='bbox 804 1520 887 1558; x_wconf 89' lang='lat' dir='ltr'>CR.</span> <span class='ocrx_word' id='word_1_146' title='bbox 919 1518 959 1558; x_wconf 90' lang='lat' dir='ltr'>id</span> <span class='ocrx_word' id='word_1_147' title='bbox 989 1519 1144 1569; x_wconf 79' lang='lat' dir='ltr'>quaero.</span> <span class='ocrx_word' id='word_1_148' title='bbox 1207 1520 1296 1558; x_wconf 75' lang='grc' dir='ltr'>ΡΑ.</span> <span class='ocrx_word' id='word_1_149' title='bbox 1327 1532 1427 1569; x_wconf 84' lang='lat' dir='ltr'>egon</span> <span class='ocrx_word' id='word_1_150' title='bbox 1457 1519 1572 1557; x_wconf 90' lang='lat' dir='ltr'>huius</span> <span class='ocrx_word' id='word_1_151' title='bbox 1592 1526 1634 1557; x_wconf 88' lang='lat'>40</span> 
     </span>
     <span class='ocr_line' id='line_1_23' title="bbox 463 1582 965 1634; baseline 0 -13"><span class='ocrx_word' id='word_1_152' title='bbox 463 1583 692 1623; x_wconf 77' lang='lat' dir='ltr'>memoriam</span> <span class='ocrx_word' id='word_1_153' title='bbox 713 1582 835 1634; x_wconf 70' lang='lat' dir='ltr'>patie&#39;zr</span> <span class='ocrx_word' id='word_1_154' title='bbox 854 1596 965 1621; x_wconf 82' lang='lat' dir='ltr'>meae</span> 
     </span>
     <span class='ocr_line' id='line_1_24' title="bbox 247 1646 1571 1698; baseline -0.001 -12"><span class='ocrx_word' id='word_1_155' title='bbox 247 1647 439 1698; x_wconf 56' lang='lat' dir='ltr'>uoluptati</span> <span class='ocrx_word' id='word_1_156' title='bbox 468 1648 633 1694; x_wconf 84' lang='lat' dir='ltr'>obstare,</span> <span class='ocrx_word' id='word_1_157' title='bbox 675 1648 796 1698; x_wconf 79' lang='lat' dir='ltr'>quom</span> <span class='ocrx_word' id='word_1_158' title='bbox 835 1661 909 1698; x_wconf 87' lang='lat' dir='ltr'>ego</span> <span class='ocrx_word' id='word_1_159' title='bbox 947 1647 1093 1697; x_wconf 89' lang='lat' dir='ltr'>possim</span> <span class='ocrx_word' id='word_1_160' title='bbox 1128 1647 1167 1686; x_wconf 87' lang='lat' dir='ltr'>in</span> <span class='ocrx_word' id='word_1_161' title='bbox 1202 1649 1274 1686; x_wconf 73' lang='lat' dir='ltr'>haic</span> <span class='ocrx_word' id='word_1_162' title='bbox 1312 1660 1351 1687; x_wconf 89' lang='lat' dir='ltr'>re</span> <span class='ocrx_word' id='word_1_163' title='bbox 1385 1646 1571 1686; x_wconf 83' lang='lat' dir='ltr'>medicari</span> 
     </span>
     <span class='ocr_line' id='line_1_25' title="bbox 463 1712 591 1750; baseline 0 0"><span class='ocrx_word' id='word_1_164' title='bbox 463 1712 591 1750; x_wconf 86' lang='lat' dir='ltr'>mihi?</span> 
     </span>
     <span class='ocr_line' id='line_1_26' title="bbox 161 1776 1571 1828; baseline -0.001 -12"><span class='ocrx_word' id='word_1_165' title='bbox 161 1785 227 1822; x_wconf 85' lang='lat'>945</span> <span class='ocrx_word' id='word_1_166' title='bbox 248 1778 359 1825; x_wconf 81' lang='lat' dir='ltr'>heus,</span> <span class='ocrx_word' id='word_1_167' title='bbox 379 1777 579 1824; x_wconf 80' lang='lat' dir='ltr'>Chremes,</span> <span class='ocrx_word' id='word_1_168' title='bbox 603 1778 711 1828; x_wconf 87' lang='lat' dir='ltr'>quod</span> <span class='ocrx_word' id='word_1_169' title='bbox 739 1776 901 1827; x_wconf 81' lang='lat' dir='ltr'>quaeris,</span> <span class='ocrx_word' id='word_1_170' title='bbox 926 1776 1156 1816; x_wconf 71' lang='lat' dir='ltr'>Paisibulast.</span> <span class='ocrx_word' id='word_1_171' title='bbox 1229 1778 1318 1816; x_wconf 92' lang='lat' dir='ltr'>CH</span> <span class='ocrx_word' id='word_1_172' title='bbox 1349 1777 1571 1815; x_wconf 58' lang='lat' dir='ltr'><em>Pasibula?</em></span> 
     </span>
     <span class='ocr_line' id='line_1_27' title="bbox 462 1841 861 1892; baseline -0.003 -12"><span class='ocrx_word' id='word_1_173' title='bbox 462 1841 591 1892; x_wconf 65' lang='lat' dir='ltr'>ipseist.</span> <span class='ocrx_word' id='word_1_174' title='bbox 655 1843 737 1881; x_wconf 87' lang='lat' dir='ltr'><em>CR.</em></span> <span class='ocrx_word' id='word_1_175' title='bbox 769 1849 861 1881; x_wconf 78' lang='lat' dir='ltr'>east.</span> 
     </span>
     <span class='ocr_line' id='line_1_28' title="bbox 246 1906 1565 1957; baseline 0 -12"><span class='ocrx_word' id='word_1_176' title='bbox 246 1908 335 1945; x_wconf 76' lang='grc' dir='ltr'>ΡΑ.</span> <span class='ocrx_word' id='word_1_177' title='bbox 366 1920 412 1945; x_wconf 87' lang='lat' dir='ltr'>ex</span> <span class='ocrx_word' id='word_1_178' title='bbox 440 1907 524 1957; x_wconf 82' lang='lat' dir='ltr'>ipsa</span> <span class='ocrx_word' id='word_1_179' title='bbox 543 1906 677 1946; x_wconf 85' lang='lat' dir='ltr'>audiui</span> <span class='ocrx_word' id='word_1_180' title='bbox 705 1906 868 1945; x_wconf 78' lang='lat' dir='ltr'>miliens.</span> <span class='ocrx_word' id='word_1_181' title='bbox 927 1907 992 1946; x_wconf 85' lang='lat' dir='ltr'><em>SI.</em></span> <span class='ocrx_word' id='word_1_182' title='bbox 1023 1907 1151 1946; x_wconf 84' lang='lat' dir='ltr'>omnis</span> <span class='ocrx_word' id='word_1_183' title='bbox 1176 1920 1247 1946; x_wconf 87' lang='lat' dir='ltr'>nos</span> <span class='ocrx_word' id='word_1_184' title='bbox 1276 1907 1445 1956; x_wconf 84' lang='lat' dir='ltr'>gaudere</span> <span class='ocrx_word' id='word_1_185' title='bbox 1478 1907 1565 1953; x_wconf 78' lang='lat' dir='ltr'>hoc,</span> 
     </span>
    </p>
   </div>
   <div class='ocr_carea' id='block_1_5' title="bbox 242 1972 1568 2330">
    <p class='ocr_par' dir='ltr' id='par_1_11' title="bbox 459 1972 659 2017">
     <span class='ocr_line' id='line_1_29' title="bbox 459 1972 659 2017; baseline -0.005 -7"><span class='ocrx_word' id='word_1_186' title='bbox 459 1972 659 2017; x_wconf 87' lang='lat' dir='ltr'>Chremes,</span> 
     </span>
    </p>

    <p class='ocr_par' dir='ltr' id='par_1_12' title="bbox 242 2072 1568 2330">
     <span class='ocr_line' id='line_1_30' title="bbox 287 2072 1568 2116; baseline 0.001 -12"><span class='ocrx_word' id='word_1_187' title='bbox 287 2082 351 2114; x_wconf 84' lang='lat'>933</span> <span class='ocrx_word' id='word_1_188' title='bbox 375 2073 508 2114; x_wconf 89' lang='lat' dir='ltr'>quiduis</span> <span class='ocrx_word' id='word_1_189' title='bbox 531 2073 565 2103; x_wconf 87' lang='lat' dir='ltr'><em>A</em></span> <span class='ocrx_word' id='word_1_190' title='bbox 585 2074 644 2113; x_wconf 84' lang='lat' dir='ltr'>qui</span> <span class='ocrx_word' id='word_1_191' title='bbox 663 2072 740 2104; x_wconf 79' lang='lat' dir='ltr'>haec</span> <span class='ocrx_word' id='word_1_192' title='bbox 762 2073 857 2104; x_wconf 77' lang='lat' dir='ltr'>uerba</span> <span class='ocrx_word' id='word_1_193' title='bbox 879 2072 1014 2105; x_wconf 80' lang='lat' dir='ltr'>Simoni</span> <span class='ocrx_word' id='word_1_194' title='bbox 1034 2073 1092 2104; x_wconf 81' lang='lat' dir='ltr'>dat</span> <span class='ocrx_word' id='word_1_195' title='bbox 1113 2078 1142 2105; x_wconf 87' lang='lat' dir='ltr'>et</span> <span class='ocrx_word' id='word_1_196' title='bbox 1165 2074 1244 2113; x_wconf 89' lang='lat' dir='ltr'>quid</span> <span class='ocrx_word' id='word_1_197' title='bbox 1269 2079 1303 2105; x_wconf 83' lang='lat' dir='ltr'>tu</span> <span class='ocrx_word' id='word_1_198' title='bbox 1327 2074 1376 2105; x_wconf 89' lang='lat' dir='ltr'>ais</span> <span class='ocrx_word' id='word_1_199' title='bbox 1393 2074 1568 2116; x_wconf 78' lang='lat' dir='ltr'>Pamphilo</span> 
     </span>
     <span class='ocr_line' id='line_1_31' title="bbox 242 2116 1565 2158; baseline 0 -9"><span class='ocrx_word' id='word_1_200' title='bbox 242 2126 307 2156; x_wconf 86' lang='lat'>934</span> <span class='ocrx_word' id='word_1_201' title='bbox 329 2117 385 2156; x_wconf 88' lang='lat' dir='ltr'>qui</span> <span class='ocrx_word' id='word_1_202' title='bbox 411 2117 444 2148; x_wconf 92' lang='lat' dir='ltr'>id</span> <span class='ocrx_word' id='word_1_203' title='bbox 469 2116 662 2148; x_wconf 79' lang='lat' dir='ltr'>Fleckeisen:</span> <span class='ocrx_word' id='word_1_204' title='bbox 696 2117 775 2156; x_wconf 90' lang='lat' dir='ltr'>quid</span> <span class='ocrx_word' id='word_1_205' title='bbox 798 2117 831 2148; x_wconf 89' lang='lat' dir='ltr'><em>A</em></span> <span class='ocrx_word' id='word_1_206' title='bbox 963 2118 1029 2156; x_wconf 87' lang='lat'>936</span> <span class='ocrx_word' id='word_1_207' title='bbox 1051 2117 1095 2148; x_wconf 82' lang='lat' dir='ltr'>sic</span> <span class='ocrx_word' id='word_1_208' title='bbox 1115 2117 1212 2148; x_wconf 86' lang='lat' dir='ltr'>uerba</span> <span class='ocrx_word' id='word_1_209' title='bbox 1228 2117 1384 2149; x_wconf 82' lang='lat' dir='ltr'>ordinaui</span> <span class='ocrx_word' id='word_1_210' title='bbox 1395 2129 1473 2158; x_wconf 83' lang='lat' dir='ltr'>ego:</span> <span class='ocrx_word' id='word_1_211' title='bbox 1497 2123 1565 2149; x_wconf 85' lang='lat' dir='ltr'>tum</span> 
     </span>
     <span class='ocr_line' id='line_1_32' title="bbox 243 2159 1566 2200; baseline 0.001 -10"><span class='ocrx_word' id='word_1_212' title='bbox 243 2159 333 2190; x_wconf 79' lang='lat' dir='ltr'>illam</span> <span class='ocrx_word' id='word_1_213' title='bbox 364 2160 557 2200; x_wconf 85' lang='lat' dir='ltr'>relinquere</span> <span class='ocrx_word' id='word_1_214' title='bbox 584 2161 637 2192; x_wconf 90' lang='lat' dir='ltr'>hic</span> <span class='ocrx_word' id='word_1_215' title='bbox 665 2165 718 2191; x_wconf 87' lang='lat' dir='ltr'>est</span> <span class='ocrx_word' id='word_1_216' title='bbox 741 2161 868 2191; x_wconf 85' lang='lat' dir='ltr'>ueritus</span> <span class='ocrx_word' id='word_1_217' title='bbox 893 2160 980 2192; x_wconf 88' lang='lat' dir='ltr'><em>codd.</em></span> <span class='ocrx_word' id='word_1_218' title='bbox 1072 2161 1206 2200; x_wconf 87' lang='lat' dir='ltr'>postilla</span> <span class='ocrx_word' id='word_1_219' title='bbox 1232 2160 1333 2193; x_wconf 71' lang='lat' dir='ltr'>A22:</span> <span class='ocrx_word' id='word_1_220' title='bbox 1367 2161 1484 2200; x_wconf 90' lang='lat' dir='ltr'>posilla</span> <span class='ocrx_word' id='word_1_221' title='bbox 1508 2161 1566 2192; x_wconf 87' lang='lat' dir='ltr'>A:</span> 
     </span>
     <span class='ocr_line' id='line_1_33' title="bbox 242 2202 1566 2244; baseline 0.001 -10"><span class='ocrx_word' id='word_1_222' title='bbox 242 2203 353 2242; x_wconf 88' lang='lat' dir='ltr'>postid</span> <span class='ocrx_word' id='word_1_223' title='bbox 369 2202 509 2244; x_wconf 81' lang='lat' dir='ltr'>Spengel</span> <span class='ocrx_word' id='word_1_224' title='bbox 645 2213 710 2244; x_wconf 81' lang='lat'>939</span> <span class='ocrx_word' id='word_1_225' title='bbox 732 2203 938 2236; x_wconf 89' lang='lat' dir='ltr'>multimodis</span> <span class='ocrx_word' id='word_1_226' title='bbox 954 2203 988 2234; x_wconf 89' lang='lat' dir='ltr'><em>A</em></span> <span class='ocrx_word' id='word_1_227' title='bbox 1007 2207 1036 2235; x_wconf 84' lang='lat' dir='ltr'>et</span> <span class='ocrx_word' id='word_1_228' title='bbox 1050 2204 1222 2244; x_wconf 76' lang='lat' dir='ltr'>Eugmplz.</span> <span class='ocrx_word' id='word_1_229' title='bbox 1241 2204 1275 2234; x_wconf 82' lang='lat' dir='ltr'>in</span> <span class='ocrx_word' id='word_1_230' title='bbox 1291 2204 1403 2235; x_wconf 82' lang='lat' dir='ltr'>lemm.</span> <span class='ocrx_word' id='word_1_231' title='bbox 1422 2216 1428 2235; x_wconf 83' lang='lat' dir='ltr'><strong><em>z</em></strong></span> <span class='ocrx_word' id='word_1_232' title='bbox 1453 2204 1566 2235; x_wconf 84' lang='lat' dir='ltr'>multis</span> 
     </span>
     <span class='ocr_line' id='line_1_34' title="bbox 242 2246 1564 2287; baseline 0.001 -10"><span class='ocrx_word' id='word_1_233' title='bbox 242 2247 351 2278; x_wconf 85' lang='lat' dir='ltr'>modis</span> <span class='ocrx_word' id='word_1_234' title='bbox 364 2257 441 2279; x_wconf 87' lang='lat' dir='ltr'>cum</span> <span class='ocrx_word' id='word_1_235' title='bbox 458 2250 481 2278; x_wconf 89' lang='grc' dir='ltr'>Σ</span> <span class='ocrx_word' id='word_1_236' title='bbox 497 2246 652 2278; x_wconf 80' lang='lat' dir='ltr'>Donatus</span> <span class='ocrx_word' id='word_1_237' title='bbox 767 2257 833 2286; x_wconf 90' lang='lat'>940</span> <span class='ocrx_word' id='word_1_238' title='bbox 856 2246 986 2278; x_wconf 74' lang='lat' dir='ltr'>Ritschl</span> <span class='ocrx_word' id='word_1_239' title='bbox 998 2259 1004 2278; x_wconf 92' lang='lat'><strong>:</strong></span> <span class='ocrx_word' id='word_1_240' title='bbox 1025 2252 1060 2278; x_wconf 87' lang='lat' dir='ltr'>at</span> <span class='ocrx_word' id='word_1_241' title='bbox 1071 2248 1149 2278; x_wconf 88' lang='lat' dir='ltr'>mihi</span> <span class='ocrx_word' id='word_1_242' title='bbox 1167 2257 1254 2278; x_wconf 90' lang='lat' dir='ltr'>unus</span> <span class='ocrx_word' id='word_1_243' title='bbox 1270 2247 1448 2287; x_wconf 86' lang='lat' dir='ltr'>scrupulus</span> <span class='ocrx_word' id='word_1_244' title='bbox 1465 2247 1564 2279; x_wconf 90' lang='lat' dir='ltr'>etiam</span> 
     </span>
     <span class='ocr_line' id='line_1_35' title="bbox 242 2289 1561 2330; baseline 0.001 -10"><span class='ocrx_word' id='word_1_245' title='bbox 242 2289 330 2322; x_wconf 85' lang='lat' dir='ltr'><em>codd.</em></span> <span class='ocrx_word' id='word_1_246' title='bbox 469 2300 530 2330; x_wconf 91' lang='lat'>941</span> <span class='ocrx_word' id='word_1_247' title='bbox 557 2290 669 2322; x_wconf 90' lang='lat' dir='ltr'>odium</span> <span class='ocrx_word' id='word_1_248' title='bbox 695 2289 781 2322; x_wconf 85' lang='lat' dir='ltr'>AC:</span> <span class='ocrx_word' id='word_1_249' title='bbox 818 2289 897 2322; x_wconf 89' lang='lat' dir='ltr'>odio</span> <span class='ocrx_word' id='word_1_250' title='bbox 924 2294 988 2322; x_wconf 84' lang='lat' dir='ltr'>cett.</span> <span class='ocrx_word' id='word_1_251' title='bbox 1091 2291 1180 2322; x_wconf 88' lang='lat' dir='ltr'>istud</span> <span class='ocrx_word' id='word_1_252' title='bbox 1198 2289 1326 2322; x_wconf 78' lang='lat' dir='ltr'>Luchs:</span> <span class='ocrx_word' id='word_1_253' title='bbox 1361 2292 1448 2322; x_wconf 83' lang='lat' dir='ltr'>istuc</span> <span class='ocrx_word' id='word_1_254' title='bbox 1474 2290 1561 2322; x_wconf 88' lang='lat' dir='ltr'><em>codd.</em></span> 
     </span>
    </p>
   </div>
   <div class='ocr_carea' id='block_1_6' title="bbox 242 2332 1566 2418">
    <p class='ocr_par' dir='ltr' id='par_1_13' title="bbox 242 2332 1566 2418">
     <span class='ocr_line' id='line_1_36' title="bbox 242 2332 1566 2374; baseline 0.002 -11"><span class='ocrx_word' id='word_1_255' title='bbox 242 2342 307 2373; x_wconf 87' lang='lat'>945</span> <span class='ocrx_word' id='word_1_256' title='bbox 330 2333 375 2364; x_wconf 73' lang='lat' dir='ltr'>sic</span> <span class='ocrx_word' id='word_1_257' title='bbox 402 2332 435 2364; x_wconf 92' lang='lat' dir='ltr'><em>A</em></span> <span class='ocrx_word' id='word_1_258' title='bbox 470 2334 536 2365; x_wconf 80' lang='lat' dir='ltr'>nisi</span> <span class='ocrx_word' id='word_1_259' title='bbox 563 2333 653 2374; x_wconf 87' lang='lat' dir='ltr'><em>quod</em></span> <span class='ocrx_word' id='word_1_260' title='bbox 681 2333 839 2366; x_wconf 81' lang='lat' dir='ltr'>Pasibula</span> <span class='ocrx_word' id='word_1_261' title='bbox 865 2333 1053 2374; x_wconf 82' lang='lat' dir='ltr'>geminam&#39;t</span> <span class='ocrx_word' id='word_1_262' title='bbox 1078 2333 1209 2365; x_wconf 82' lang='lat' dir='ltr'>Luchs:</span> <span class='ocrx_word' id='word_1_263' title='bbox 1248 2344 1314 2365; x_wconf 87' lang='lat' dir='ltr'>non</span> <span class='ocrx_word' id='word_1_264' title='bbox 1347 2334 1454 2374; x_wconf 86' lang='lat' dir='ltr'>patiar</span> <span class='ocrx_word' id='word_1_265' title='bbox 1481 2334 1566 2365; x_wconf 84' lang='lat' dir='ltr'>heus</span> 
     </span>
     <span class='ocr_line' id='line_1_37' title="bbox 243 2375 1429 2418; baseline 0.001 -11"><span class='ocrx_word' id='word_1_266' title='bbox 243 2376 378 2408; x_wconf 86' lang='lat' dir='ltr'>chreme</span> <span class='ocrx_word' id='word_1_267' title='bbox 392 2376 616 2409; x_wconf 79' lang='lat' dir='ltr'><em>BCDEGPV</em></span> <span class='ocrx_word' id='word_1_268' title='bbox 742 2378 808 2418; x_wconf 86' lang='lat'>946</span> <span class='ocrx_word' id='word_1_269' title='bbox 831 2375 1006 2409; x_wconf 80' lang='lat' dir='ltr'>Fleckeisen</span> <span class='ocrx_word' id='word_1_270' title='bbox 1022 2387 1028 2408; x_wconf 93' lang='lat'><strong>:</strong></span> <span class='ocrx_word' id='word_1_271' title='bbox 1052 2376 1196 2409; x_wconf 82' lang='lat' dir='ltr'>milliens</span> <span class='ocrx_word' id='word_1_272' title='bbox 1212 2377 1323 2409; x_wconf 88' lang='lat' dir='ltr'>audiui</span> <span class='ocrx_word' id='word_1_273' title='bbox 1341 2377 1429 2409; x_wconf 90' lang='lat' dir='ltr'><em>codd.</em></span> 
     </span>
    </p>
   </div>
  </div>
 </body>
</html>
