1773 2750
141 85 186 121 V.
210 84 254 121 iii
624 84 664 122 P.
698 84 949 121 TERENTI
981 83 1114 122 AFRI

207 194 335 232 solum
358 196 479 233 (mum
500 194 578 234 hoc
598 193 737 233 uitium
757 195 882 233 adfert
902 200 1083 232 senectus
1104 191 1330 232 hominibus
1350 207 1357 230 ε

205 258 446 298 adtentiores
466 262 601 298 sumus
621 260 672 298 ad
693 272 774 298 rem
795 272 933 297 omnes
954 258 1073 308 quzim
1095 264 1152 296 sat
1173 265 1230 296 est
1247 272 1254 295 :

206 324 316 373 quod
336 323 422 363 illos
445 332 503 363 sat
523 332 628 363 aetas
649 325 773 363 dcuet.
832 325 930 362 DE.
963 336 1013 362 ne
1034 322 1198 360 nimium
1222 323 1343 361 modo
1556 321 1621 366 835

146 399 187 431 50
206 388 335 427 bonae‘
357 395 447 428 tuae
467 388 563 427 istae
585 390 656 428 nos
678 388 858 435 rationes,
884 387 1018 435 Micio,

205 460 243 491 et
264 455 352 491 tuos
373 453 444 492 iste
465 453 618 492 animus
638 454 786 503 aequos
807 453 1020 491 subuortz'tt.
1079 453 1164 490 ML
1197 459 1306 490 tace:

205 530 287 555 non
308 518 384 555 fiet.
445 517 556 557 mitte
577 517 653 556 iam
675 519 818 566 istaec3
847 519 898 556 da
919 525 957 556 te
977 516 1097 556 hodie
1119 516 1214 554 mihi
1232 531 1239 554 ε

205 583 373 632 exporge
393 584 573 622 frontem.
632 584 730 621 DE.
763 582 911 622 scilicet
932 582 984 621 ita
1004 585 1159 632 tempus
1181 582 1274 620 fert:

204 647 482 687 faciundumst.
541 655 714 687 ceterum
737 651 809 698 ego
829 661 892 686 rus
914 661 997 686 cras
1019 661 1108 685 cum
1130 647 1212 684 filio
1556 653 1625 697 840

147 729 185 760 55
205 726 296 751 cum
317 714 443 763 primo
464 712 540 752 luci
562 713 628 765 ibo
649 713 751 751 hinc.
810 714 896 751 Ml.
928 714 978 751 de
998 720 1115 750 nocte
1136 714 1303 750 censeo:

205 777 324 817 hodie
346 779 466 817 modo
487 778 654 816 hilarum
675 779 734 816 fzic
755 785 803 816 te.
863 779 961 816 DE.
994 785 1031 816 et
1053 777 1165 815 istam
1187 776 1384 827 psaltriam

205 856 284 882 una
304 844 396 881 illuc
417 856 572 882 mecum
594 842 686 881 hinc
707 844 941 881 eibstraham.
1001 843 1087 881 Ml.
1121 841 1354 892 pugnziueris
1373 856 1379 879 :

206 920 254 946 eo
274 908 390 957 paicto
411 920 589 958 prorsum
610 907 664 945 illi
684 907 864 958 adligatis
885 907 1020 945 filium.

205 974 327 1011 modo
347 972 465 1011 facito
485 980 527 1011 ut
547 972 653 1011 illam
674 974 815 1011 semes.
873 974 972 1011 DE.
1004 985 1077 1022 ego
1104 972 1203 1011 istuc
1224 972 1361 1010 uidero
1557 976 1621 1020 845

143 1044 186 1078 60
204 1045 324 1088 atque
344 1037 398 1076 ibi
418 1037 574 1076 fauillae
594 1039 720 1088 plena,
744 1037 840 1076 fumi
861 1051 906 1076 ac
928 1037 1085 1088 pollinis

205 1104 416 1152 coquendo
437 1102 485 1141 sit
506 1103 593 1142 faxo
614 1104 652 1142 et
673 1103 860 1141 molendo
875 1117 885 1151 3
919 1103 1071 1153 praeter
1090 1103 1188 1141 haec

206 1167 367 1207 meridie
388 1167 474 1218 ipso
495 1167 634 1206 fz'tciam
656 1175 698 1206 ut
719 1167 901 1217 stipulam
923 1167 1116 1217 conligat:

205 1240 284 1271 tam
320 1234 522 1273 excoctam
556 1234 720 1273 reddam
759 1240 877 1284 atque
915 1234 1037 1272 zitram
1077 1246 1195 1283 quam
1236 1233 1400 1273 carbost.
1446 1232 1532 1271 Ml.

421 1299 573 1349 placet:

206 1376 313 1402 nunc
334 1363 429 1401 mihi
451 1363 585 1402 uidere
607 1363 753 1414 sa'tpere.
811 1370 930 1414 atque
952 1363 1137 1414 equidem
1159 1363 1283 1402 filium
1556 1368 1623 1412 850

144 1430 185 1473 65
206 1436 290 1467 tum
311 1428 428 1467 ethim
450 1428 481 1467 si
502 1428 599 1468 nolit
620 1429 758 1479 cogam
779 1436 821 1467 ut
842 1442 932 1467 cum
954 1429 1018 1468 illa
1038 1429 1116 1468 unzi
1137 1430 1264 1468 cubet.

205 1493 302 1532 DE.
335 1494 521 1532 derides?
550 1495 780 1532 fortunatu’s
802 1493 867 1544 qui
891 1494 965 1533 isto
986 1494 1120 1533 animo
1142 1494 1226 1533 sies.

205 1572 278 1609 ego
292 1557 418 1597 sentio
440 1589 447 1597 .
471 1589 478 1597 .
541 1559 627 1597 ML
651 1559 713 1606 ah,
729 1560 940 1609 pergisne?
986 1560 1084 1598 DE.
1116 1559 1192 1598 iam
1214 1559 1290 1597 iam
1312 1558 1460 1597 desino.

203 1625 289 1663 Ml.
323 1624 333 1662 i
368 1637 459 1674 ergo
493 1625 606 1671 intro,
644 1632 681 1662 et
711 1624 805 1675 quoi
847 1623 899 1663 rei
935 1632 1004 1672 est,
1039 1626 1074 1663 e1'
1108 1625 1160 1663 rei
1195 1608 1393 1677 [hilarum]
1429 1625 1535 1662 hunc

419 1693 621 1729 sumamus
650 1690 767 1730 diem.

139 1812 187 1850 iv
771 1814 969 1851 DEMEA

206 1908 436 1957 Numquam
457 1907 510 1947 ita
529 1908 738 1960 quisquam
760 1909 862 1949 bene
883 1911 1078 1950 subducta
1094 1910 1243 1949 rdtione
1258 1910 1309 1949 ad
1326 1909 1445 1948 uitaim
1463 1909 1533 1948 fuit
1552 1912 1572 1947 8
1579 1920 1594 1956 5
1601 1920 1617 1957 5

204 1973 300 2022 quin
320 1986 379 2011 res
399 1980 504 2012 aetas
526 1977 618 2012 risus
638 1988 792 2025 semper
811 1975 959 2026 aliquid
978 1976 1159 2026 adportet
1180 1975 1285 2022 noui,

203 2037 352 2087 {aliquid
373 2046 531 2077 moneat
549 2054 555 2077 :
586 2043 627 2078 ut
649 2039 711 2078 illa
733 2053 833 2090 quae
854 2048 892 2079 te
913 2042 1031 2079 scisse
1051 2042 1187 2080 credas
1208 2039 1370 2087 nescias,

203 2101 241 2141 e't
262 2115 363 2152 quae
383 2102 454 2141 tibi
474 2104 620 2153 puniris
642 2104 775 2154 prima,
801 2105 839 2143 in
861 2105 1102 2155 experiundo
1123 2113 1164 2144 ut
1186 2105 1377 2156 repudies.
1410 2141 1415 2145 .

245 2207 309 2245 833
333 2206 442 2238 adfert
458 2212 616 2239 senectus
637 2207 761 2239 ADG:
796 2214 956 2240 senectus
980 2209 1090 2240 adfert
1113 2209 1243 2250 (affert)
1268 2213 1333 2241 cell.
1468 2210 1531 2249 837

203 2248 287 2280 istae
305 2250 372 2281 AC
509 2253 572 2290 845
598 2252 625 2282 is
642 2252 758 2282 videro
775 2251 807 2282 A
950 2253 1013 2291 854
1039 2252 1114 2282 A²:
1139 2254 1227 2292 quod
1246 2264 1299 2283 res
1316 2258 1368 2284 est
1385 2253 1530 2285 ABCP:

203 2294 255 2323 cui
289 2294 335 2324 rei
371 2305 456 2334 opus
493 2294 589 2326 DEG
689 2295 804 2325 ilarum
843 2294 918 2326 adel.
953 2297 1023 2331 A':
1065 2296 1205 2327 hilarem
1238 2296 1354 2327 DEG:
1395 2298 1476 2327 ilnre
1506 2297 1538 2326 F

203 2338 264 2376 857
291 2338 394 2369 scisse
411 2339 444 2368 Α
463 2350 469 2367 ,-
493 2339 579 2369 scire
596 2342 621 2370 Σ
