1773 2750
758 101 979 138 ANDRIA
1460 107 1525 144 IV.
1548 107 1592 143 iv

122 211 186 256 765
207 211 310 249 MV.
342 211 472 249 uostri.
529 211 626 248 DA.
657 209 798 260 quoius
828 210 977 249 nostri?
1032 213 1135 249 MY.
1174 213 1376 263 Pamphili.
1439 216 1526 253 CH.

421 276 523 314 hem.
580 276 677 313 DA.
699 274 826 324 quid?
857 274 1082 325 Paimphili?

205 340 265 378 Μ
270 340 309 378 Y.
339 340 426 386 eho,
458 351 509 377 an
543 339 624 378 non
657 341 746 378 est?
807 339 895 378 CH.
927 346 1030 377 recte
1062 352 1134 389 ego
1168 339 1322 390 semper
1352 342 1430 391 fugi
1459 344 1528 381 has

418 401 585 453 nuptias.

204 468 302 506 DA.
343 480 368 505 o
401 466 551 506 facinus
581 466 757 505 animum
792 467 1081 506 aduortendum
1099 470 1106 506 1
1179 470 1239 506 M
1245 470 1284 507 Y.
1329 483 1391 517 au,
1433 471 1528 520 quid

417 531 621 571 clzimitas?

204 598 301 634 DA.
333 608 503 646 quemne
523 596 595 646 ego
616 595 696 634 heri
717 595 798 635 uidi
818 598 869 635 ad
889 597 961 635 uos
980 596 1120 635 adferri
1141 596 1325 647 uesperi?

203 662 262 698 M
269 662 307 698 Y.
339 673 363 699 ο
383 660 584 700 hominem
600 661 816 699 audacem!
871 661 970 699 DA.
1001 660 1137 699 ue'rum
1158 676 1164 699 :
1194 661 1275 700 uidi
1290 662 1527 701 Ctintharam
1549 676 1590 707 30

117 737 185 773 770
204 725 502 764 suffzireinatam.
558 726 617 763 M
622 726 662 764 Y.
693 726 752 764 dis
773 726 839 775 pol
858 725 987 763 habeo
1006 724 1179 775 gratiam,

203 803 324 840 quom
345 790 384 828 in
404 789 597 841 pz'triundo
616 790 777 840 aliquod
797 790 1004 828 zidfuerunt
1024 790 1179 829 liberae.

202 856 299 893 DA.
332 868 381 893 ne
401 854 465 893 illa
486 856 594 893 sslum
617 855 723 893 haud
745 854 867 901 nouit,
892 854 1010 905 quoia
1030 867 1147 893 causa
1167 855 1264 893 haec
1284 855 1420 905 incipit
1439 869 1447 893 t

206 919 417 958 ‘Chremes
438 919 468 957 si
489 933 652 970 puerum
675 918 846 969 positum
867 926 958 957 ante
977 918 1085 957 aedis
1106 918 1257 967 uiderit,

202 997 312 1022 suam
332 984 489 1034 gnaitam
510 997 591 1022 non
611 984 720 1022 dabit
735 985 742 1001 ’
760 999 766 1021 :
796 990 906 1022 tanto
926 984 1055 1021 hercle
1076 982 1197 1033 nitigis
1217 983 1337 1022 dabit.
1550 996 1587 1028 35

116 1060 180 1098 775
207 1050 295 1087 CH.
327 1062 406 1088 non
427 1048 556 1088 hercle
577 1048 701 1087 faciet.
760 1050 856 1086 DA.
888 1051 993 1086 nune
1013 1049 1125 1094 adeo,
1147 1055 1188 1086 ut
1209 1055 1251 1086 tu
1272 1049 1322 1086 sis
1343 1048 1479 1096 sciens,

201 1112 274 1151 nisi
295 1116 459 1163 puerum
480 1113 593 1160 tollis,
616 1112 691 1151 isim
714 1126 786 1163 ego
807 1114 912 1151 hunc
932 1113 972 1150 in
993 1112 1163 1152 medizim
1185 1112 1288 1150 uiam

200 1179 431 1227 prouoluam
453 1185 569 1228 teque
590 1178 737 1217 ibidem
760 1178 988 1227 peruoluam
1010 1178 1048 1215 in
1070 1178 1164 1215 luto.

199 1243 253 1279 M
264 1243 302 1280 Y.
334 1250 375 1281 tu
396 1243 461 1293 pol
481 1244 602 1282 homo
623 1256 703 1281 non
724 1256 764 1281 es
786 1242 949 1281 scsbrius.
1007 1243 1103 1280 DA.
1136 1240 1285 1280 fallzicia

198 1306 274 1345 alia
293 1307 407 1345 ailiam
429 1308 547 1346 trudit
564 1323 570 1346 :
601 1307 677 1346 iaim
698 1306 882 1346 susurrari
903 1306 1021 1345 aridio
1547 1318 1589 1348 40

113 1375 182 1419 780
200 1371 328 1410 ciuem
342 1362 514 1411 Atticam
528 1386 612 1411 esse
626 1374 739 1411 hanc.
785 1372 874 1411 CH
905 1371 1008 1410 hem.
1048 1373 1145 1409 DA.
1180 1374 1360 1410 ‘coactus
1376 1371 1526 1422 legibus

199 1449 286 1474 eam
307 1438 466 1475 uxorem
487 1439 629 1476 ducet.'
685 1439 789 1476 MV.
821 1438 908 1484 eho,
932 1437 1108 1484 obsecro,
1130 1449 1180 1474 an
1201 1449 1281 1474 non
1303 1436 1398 1475 ciuis
1419 1439 1509 1476 est?

203 1502 291 1540 CH.
324 1501 552 1540 ioculzirium
574 1502 612 1541 in
635 1504 781 1541 malum
803 1502 973 1541 insciens
994 1514 1119 1551 paene
1139 1500 1271 1539 incidi.

197 1567 296 1605 DA.
326 1567 412 1617 quis
433 1567 496 1606 hic
517 1568 717 1618 loquitur?
745 1581 769 1606 o
791 1567 991 1614 Chremes,
1015 1580 1084 1617 per
1104 1573 1260 1616 tempus
1281 1566 1444 1604 fiduenis
1464 1581 1470 1605 :

197 1632 384 1670 ausculta.
458 1633 547 1672 CH.
578 1632 712 1671 audiui
743 1632 819 1670 iam
854 1632 997 1671 omnia.
1087 1633 1185 1669 DA.
1216 1630 1279 1668 ain
1315 1632 1385 1668 tu?
1428 1632 1524 1670 haec
1546 1646 1584 1678 45

413 1697 574 1736 omnia?

112 1765 176 1810 785
203 1761 291 1799 CH.
308 1761 453 1809 audiui,
470 1761 644 1812 inquam,
656 1776 678 1801 a
692 1761 893 1812 principio.
934 1763 1032 1800 DA.
1049 1760 1231 1807 audistin,
1247 1760 1441 1799 obsecro?
1461 1774 1523 1799 em

196 1826 365 1863 scelera:
395 1826 496 1864 haine
517 1826 593 1865 iam
615 1834 768 1877 oportet
788 1828 828 1864 in
849 1826 1063 1865 cruciatum
1085 1825 1177 1863 hino
1197 1824 1333 1875 zibripi.

195 1889 259 1927 hic
279 1898 336 1928 est
357 1891 443 1929 ille:
473 1905 553 1929 non
574 1899 612 1930 te
632 1891 767 1930 credes
789 1893 947 1930 Dauom
968 1892 1113 1929 ludere.

194 1955 297 1993 MV.
330 1969 392 1994 me
414 1956 593 1994 miseram
611 1958 617 1993 1
648 1955 701 1993 nil
721 1957 787 2006 pol
808 1955 892 1993 szilsi
913 1955 1003 2002 dixi,
1027 1956 1080 1993 mi
1101 1968 1229 1993 senex.

200 2020 287 2058 CH.
320 2020 413 2058 noui
458 2021 618 2059 omnem
663 2033 756 2059 rem.
814 2028 872 2059 est
910 2019 1018 2059 Simo
1056 2021 1190 2058 intus?
1258 2021 1355 2058 DA.
1386 2027 1454 2059 est.
1469 2043 1522 2048 —
1544 2035 1584 2066 50

408 2086 466 2123 M
472 2087 511 2123 Y.
543 2099 592 2123 ne
613 2099 676 2123 me
696 2085 844 2135 attigas,

238 2188 300 2227 765
325 2188 402 2218 hem
420 2187 565 2218 Daviest
580 2186 614 2218 in
632 2190 655 2218 Σ
674 2199 681 2219 :
707 2188 851 2220 Charino
868 2188 978 2219 tribuit
993 2188 1165 2219 Fleckeisen
1328 2189 1388 2226 767
1412 2188 1519 2218 anim-

194 2231 446 2269 aduertendum,
478 2233 515 2261 ut
536 2236 665 2272 semper
687 2235 711 2264 Σ
822 2242 862 2263 au
889 2231 963 2263 add.
994 2231 1164 2262 Fleckeisen
1336 2241 1397 2270 772
1420 2232 1519 2269 quoia

194 2273 342 2305 Brandt:
368 2275 460 2305 cuius
479 2279 501 2306 Σ
708 2276 769 2314 784
793 2275 848 2306 ain
875 2274 1069 2306 Fleckeisen:
1092 2285 1134 2305 an
1163 2277 1186 2306 Σ
1382 2275 1442 2313 785
1467 2285 1518 2305 ern

199 2315 358 2357 I‘Vagncr:
384 2318 460 2348 hem
480 2321 503 2350 Σ
637 2320 698 2358 787
725 2329 792 2349 non
814 2325 847 2350 te
870 2320 987 2350 credes
1007 2317 1094 2348 DP:
1122 2328 1187 2348 non
1213 2322 1245 2348 te
1270 2318 1389 2349 credas
1412 2321 1474 2349 cett.
1492 2322 1522 2348 et

196 2361 279 2401 uolg.
299 2372 306 2391 τ
331 2372 372 2392 ne
389 2366 422 2392 te
440 2362 558 2393 credas
575 2361 743 2393 Fleckeisen
877 2364 940 2402 789
963 2362 1085 2401 attigas
1102 2361 1280 2394 Paumzkrz
1310 2362 1456 2400 attingas
1473 2365 1497 2392 Σ
