1773 2750
175 134 227 172 II.
247 133 292 170 iii
668 132 708 169 P.
740 130 992 169 TERENTI
1024 129 1155 168 AFRI

249 243 461 283 iudicium.'
521 243 639 295 ‘quid
661 250 742 282 tum
757 245 795 282 ?'
828 246 894 281 ‘ut
915 242 1119 292 diligenter
1138 240 1296 280 minties

248 308 357 358 patri,
379 308 596 348 aduocatus
618 308 733 346 mane
754 307 806 345 mi
828 320 913 346 esse
933 314 975 346 ut
996 305 1240 345 meminerit.'
1592 318 1661 355 340

188 386 229 417 50
248 373 343 410 dum
363 373 460 411 haec
481 372 585 420 dicit,
608 372 704 410 abiit
723 372 828 410 hora.
889 384 983 421 rogo
1003 383 1098 408 num
1119 370 1215 420 quid
1234 369 1338 408 uelit.

250 439 259 456 ‘
273 439 398 475 recte'
419 437 554 487 inquit.
613 438 724 475 abeo.
784 449 904 485 quom
926 436 1003 473 huc
1024 434 1189 484 respicio
1209 435 1260 473 ad
1279 433 1481 484 uirginem,

246 500 311 539 illa
330 500 415 540 sese
436 501 582 540 interea
601 501 858 539 commodum
879 501 956 538 huc
976 499 1199 537 aduorterat

246 564 285 603 in
307 566 408 604 hanc
429 566 601 604 nostram
622 567 802 615 plateam.
860 565 948 603 ΡΑ.
982 564 1122 602 mirum
1143 562 1183 601 ni
1203 563 1306 601 hanc
1325 561 1430 609 dicit,
1449 563 1570 602 modo

245 629 337 668 huic
358 630 457 680 quae
472 631 598 669 datast
613 631 730 669 dono.
792 630 882 668 CH
914 630 992 667 huc
1012 641 1133 679 quom
1154 626 1337 675 aduenio,
1355 628 1461 666 nulla
1477 634 1567 666 erat.
1589 636 1655 674 345

186 708 224 740 55
245 695 332 732 ΡΑ.
365 694 529 734 comites
550 694 673 733 secuti
694 694 840 733 scilicet
861 701 951 732 sunt
975 693 1196 744 uirginem?

247 758 337 796 CH
369 762 530 798 uerum:
560 759 750 810 parasitus
771 772 861 797 cum
881 758 1032 796 ancilla.
1092 759 1180 796 ΡΑ.
1210 757 1356 807 ipsast:
1386 756 1500 796 ilicet.

243 824 379 862 desine
394 838 404 871 ,-
433 823 509 862 iam
531 823 867 862 conclamatumst.
928 824 1018 861 CH
1049 822 1143 860 alias
1164 821 1223 861 res
1242 822 1333 872 agis.

242 888 330 925 ΡΑ.
362 887 462 926 istuc
482 901 555 938 ago
576 887 772 937 equidem.
833 887 923 926 CH
956 886 1087 925 nostin
1108 900 1209 936 quae
1229 886 1308 924 sit?
1337 887 1402 925 dic
1421 886 1529 934 mihi,

242 951 400 990 vidistin
417 953 434 990 ?
489 954 576 991 ΡΑ.
609 951 701 999 uidi,
725 951 820 990 noui
839 966 845 989 :
876 950 958 990 scio
978 964 1058 1001 quo
1078 951 1250 990 abducta
1270 950 1328 989 sit.
1588 961 1657 998 350

182 1021 225 1054 60
245 1017 335 1054 CH
368 1017 444 1055 eho
466 1017 660 1055 Parmeno
681 1015 745 1063 mi,
768 1015 899 1054 no'stin
920 1022 958 1054 et
979 1015 1054 1054 scis
1074 1015 1142 1054 ubi
1163 1015 1266 1053 siet?

241 1080 329 1118 ΡΑ.
374 1081 452 1119 huc
491 1081 698 1120 deductast
737 1080 787 1119 ad
827 1078 1069 1118 meretricem
1104 1079 1300 1118 Thaidem
1319 1093 1327 1118 ε
1387 1078 1422 1118 ei
1461 1080 1569 1119 dono

456 1146 596 1184 datast.

242 1208 333 1247 CH
366 1210 452 1259 quis
473 1209 505 1248 is
529 1216 587 1248 est
611 1216 692 1248 tam
716 1207 857 1259 potens
881 1221 972 1247 cum
996 1215 1106 1247 tanto
1131 1209 1293 1247 munere
1318 1209 1423 1247 hoc?
1477 1210 1587 1247 PA-

456 1274 568 1313 miles
596 1275 759 1322 Thraso,

241 1337 457 1378 Phaedriae
477 1338 618 1377 riualis.
679 1340 769 1378 CH
802 1340 918 1378 duras
938 1337 1062 1377 fratris
1082 1337 1200 1388 partis
1220 1338 1433 1388 praedicas.

238 1404 327 1441 ΡΑ.
359 1403 482 1442 immo
503 1403 535 1442 si
555 1403 653 1442 scias
674 1405 782 1454 quod
799 1405 949 1442 donum
970 1403 1061 1441 huic
1077 1403 1185 1442 dono
1202 1410 1337 1442 contra
1353 1411 1563 1454 comparet,
1585 1412 1651 1449 355

179 1470 219 1512 65
241 1464 359 1519 [tum]
379 1467 499 1518 magis
520 1467 561 1506 id
582 1467 700 1506 dicas.
753 1469 842 1507 CH
875 1468 984 1518 quod
1000 1481 1090 1505 nam
1109 1480 1255 1517 quaeso
1276 1468 1438 1507 hercle?
1475 1470 1563 1507 ΡΑ.

454 1533 693 1570 eunuchum.
754 1533 844 1570 CH
876 1531 1038 1570 illumne
1061 1532 1226 1571 obsecro

238 1596 491 1635 inhonestum
530 1596 744 1644 hominem,
785 1595 904 1647 que'm
952 1604 1144 1635 mercatus
1192 1596 1250 1635 e'st
1296 1596 1390 1645 heri,
1430 1611 1564 1637 senem

452 1661 655 1700 mulierem
671 1662 688 1699 ?

235 1725 324 1763 ΡΑ.
356 1725 484 1764 istunc
505 1725 644 1776 ipsum.
706 1726 797 1765 CH
826 1725 948 1765 homo
978 1724 1173 1776 quatietur
1201 1725 1305 1765 certe
1334 1739 1423 1765 curn
1454 1728 1563 1766 dono

450 1792 564 1829 foras.

234 1853 304 1894 se'd
335 1854 449 1893 istam
480 1854 677 1894 Tha'1'de'm
709 1868 789 1895 non
823 1853 920 1894 sciui
950 1855 1064 1895 nobis
1094 1855 1277 1894 uicinam.
1334 1856 1422 1895 PA.
1454 1858 1561 1896 haud

447 1920 563 1959 diust.

234 1986 326 2024 CH
358 1985 464 2036 perii,
488 1999 758 2036 numquamne
779 1984 896 2024 etiam
924 1999 987 2025 me
1014 1985 1119 2024 illam
1140 1986 1308 2025 uidisse!
1365 1987 1442 2025 eho
1462 1988 1557 2026 dum
1578 1992 1646 2037 360

447 2051 510 2089 dic
532 2050 650 2088 mihi:

173 2127 213 2162 70
231 2112 352 2162 estne,
375 2121 416 2153 ut
436 2116 565 2162 fertur,
584 2115 740 2154 forma?
794 2115 883 2153 ΡΑ.
915 2127 1019 2154 sane.
1077 2115 1167 2154 CH
1189 2122 1228 2154 at
1244 2116 1297 2154 nil
1313 2115 1364 2155 ad
1385 2123 1556 2155 nostram

444 2180 576 2218 hanc?
631 2180 718 2218 PA.
749 2178 824 2217 alia
843 2192 913 2217 res.

272 2293 335 2322 349
354 2286 430 2324 post
442 2283 495 2314 dic
507 2282 585 2313 mihi
605 2282 644 2312 ab
660 2282 753 2313 initio
769 2292 885 2313 uersus
900 2282 1058 2322 sequentis
1068 2286 1125 2313 aut
1132 2282 1261 2323 praebet
1275 2283 1307 2312 A
1398 2285 1461 2324 356
1485 2289 1553 2316 tum

230 2327 334 2365 magis
350 2326 439 2357 codd.
453 2338 459 2357 :
484 2331 553 2357 tum
571 2325 697 2357 seclusit
710 2325 841 2366 Bentley
1017 2327 1082 2365 358
1107 2326 1206 2357 istum
1223 2327 1341 2366 ipsum.
1358 2327 1458 2358 homo
1473 2338 1552 2367 qua-

229 2371 334 2401 tietur
346 2370 379 2400 A
397 2381 404 2400 :
428 2370 587 2401 nimirum
604 2369 703 2401 homo
719 2368 851 2401 Nonius
866 2381 872 2400 :
895 2369 980 2401 unde
996 2370 1095 2401 istum
1113 2370 1234 2410 ipsum.
1281 2369 1435 2402 nimirum
1453 2371 1553 2403 homo

227 2424 292 2445 om.
313 2418 403 2444 certe
421 2413 593 2445 Fleckeisen
