1773 2750
138 137 256 174 11.iii
630 134 669 169 P.
703 130 954 169 TERENTI
987 129 1118 166 AFRI

212 248 294 287 SV,
325 246 568 285 ridiculumst
590 242 660 296 [te]
682 243 781 281 istuc
803 254 866 280 me
887 241 1111 285 admonere,
1134 237 1322 288 Clitipho,

212 311 322 362 quasi
343 311 427 349 istic
449 323 536 348 mea
556 322 614 347 res
637 309 763 345 minor
783 312 918 356 agatur
938 304 1057 354 quam
1077 310 1143 342 tua

213 377 275 414 hic
296 377 326 414 si
347 375 443 425 quid
463 373 577 411 nobis
598 373 696 410 sorte
716 370 873 409 aduorsi
895 369 1078 415 euenerit,
1558 373 1622 410 355

137 452 192 483 115
212 440 283 479 tibi
303 442 415 479 erunt
436 445 569 489 parata
588 436 719 482 uerba,
742 434 834 473 huic
855 432 1006 472 homini
1027 432 1211 472 uerbera:

213 504 449 555 quapropter
468 503 565 540 haec
586 514 645 540 res
666 514 716 539 ne
737 499 914 549 utiquam
935 499 1152 536 neclectust
1171 496 1279 535 mihi.

214 570 283 608 sed
304 568 431 606 istunc
451 578 567 605 exora
587 571 629 603 ut
649 566 759 603 suam
781 576 866 602 esse
886 562 1106 601 adsimulet.
1167 561 1318 600 CLIN.
1349 558 1495 598 scilicet

214 635 406 671 facturum
428 644 490 669 me
511 643 595 669 esse
609 644 619 677 3
648 629 689 667 in
709 630 800 667 eum
821 624 897 666 iam
919 640 979 665 res
999 625 1113 665 rediit
1132 627 1263 664 locum

217 705 258 736 ut
279 698 327 735 sit
347 708 542 735 necessus.
605 695 748 733 CLIT.
779 691 919 731 me'rito
938 698 977 729 te
997 703 1098 737 amo,
1123 689 1261 729 Clinia.
1561 687 1630 731 360

137 775 200 797 120
222 762 371 801 CLJN.
403 773 539 800 uerum
560 760 625 797 illa
643 771 693 797 ne
713 757 809 808 quid
830 756 982 795 titubet.
1041 756 1074 794 S
1084 756 1122 792 Y.
1150 753 1374 804 perdoctast
1393 752 1526 803 probe.

222 828 324 867 CLI
324 828 365 864 T.
396 832 435 864 at
454 825 530 863 hoc
551 823 721 863 demiror
741 822 808 872 qui
828 828 908 860 tam
929 820 1042 859 facile
1062 818 1233 870 potueris

216 891 451 943 persuadere
471 889 535 936 illi,
559 888 659 939 quae
680 889 779 926 solet
799 899 898 937 quos
919 885 1100 936 spernere
1117 887 1124 923 1

219 958 252 995 S
262 958 300 994 Y.
332 955 372 993 in
392 954 568 1004 ternpore
588 954 639 992 ad
659 965 746 991 eam
767 951 870 998 ueni,
892 951 1001 1000 quod
1021 963 1147 988 rerum
1169 948 1384 988 omniumst

220 1021 402 1072 primurn.
460 1032 552 1057 nam
572 1019 772 1068 quendam
793 1017 932 1054 misere
953 1015 1099 1054 offendi
1120 1014 1174 1054 ibi
1194 1014 1357 1053 militem
1565 1013 1630 1058 365

142 1100 200 1134 125
221 1085 304 1125 eius
325 1086 483 1124 noctem
504 1090 679 1123 orantem
697 1097 703 1120 :
733 1083 830 1120 haec
851 1081 931 1119 arte
952 1080 1141 1118 tractabat
1161 1079 1299 1126 uirum,

220 1158 263 1189 ut
282 1150 383 1189 illius
403 1149 580 1187 animum
600 1146 788 1198 cupidum
810 1145 944 1196 inopia
962 1144 1189 1183 ince'nderet

220 1215 439 1265 eademque
459 1220 501 1251 ut
522 1219 623 1251 esset
643 1212 748 1262 apud
770 1218 807 1249 te
828 1212 905 1249 hoc
926 1222 1044 1260 quam
1064 1210 1350 1258 gratissumum.

221 1281 291 1318 sed
311 1280 409 1317 heus
429 1285 481 1323 tu,
505 1276 596 1315 uide
617 1275 668 1314 sis
688 1275 738 1314 ne
760 1274 857 1325 quid
878 1272 1093 1324 inprudens
1112 1285 1200 1310 ruas
1217 1275 1224 1310 1

221 1344 370 1395 patrem
391 1341 536 1381 nouisti
555 1342 606 1380 ad
626 1340 696 1379 has
717 1354 775 1378 res
797 1353 914 1390 quam
937 1339 984 1377 sit
1004 1337 1229 1388 perspicax;
1569 1344 1636 1380 370

145 1428 204 1458 130
222 1423 295 1460 ego
315 1416 353 1447 te
373 1410 504 1446 autem
525 1406 619 1445 noui
639 1419 757 1456 quam
779 1406 864 1444 e‘sse
884 1405 1010 1443 soleas
1029 1404 1211 1453 inpotens
1222 1418 1232 1450 3

223 1474 377 1513 inuersa
398 1473 528 1518 uerba,
551 1470 705 1510 euersas
726 1469 888 1509 ceruicis
909 1476 1005 1514 tuas,

223 1539 404 1590 gemitus,
424 1544 608 1584 screatus,
628 1535 754 1581 tussis,
778 1534 875 1572 risus
896 1533 1058 1572 abstine.

228 1605 371 1644 CLJT.
402 1600 591 1641 laudabis.
650 1601 732 1639 ΞΥ.
760 1598 852 1638 uide
872 1598 934 1637 sis.
997 1598 1140 1637 CLIT.
1171 1596 1326 1635 tutimet
1346 1595 1547 1635 mirabere.

228 1668 262 1707 S
273 1669 311 1706 Y.
343 1668 412 1706 sed
433 1666 551 1717 quarn
571 1664 649 1704 cito
670 1670 760 1703 sunt
779 1664 1015 1702 consecutae
1035 1662 1215 1701 mulieres
1232 1665 1239 1700 1
1572 1662 1637 1699 375

149 1742 208 1775 135
233 1734 376 1773 CLIT.
407 1731 474 1770 ubi
496 1732 614 1770 sunt?
647 1743 746 1780 quor
770 1728 941 1767 retines?
999 1728 1079 1765 SV.
1111 1726 1187 1765 iam
1215 1739 1322 1765 nunc
1350 1727 1447 1764 haec
1473 1739 1553 1764 non

443 1796 500 1835 e‘st
520 1803 597 1835 tua.

231 1863 374 1903 CLIT.
406 1861 501 1909 scio,
538 1861 643 1911 apud
684 1867 857 1910 patrem3
903 1866 942 1896 at
981 1871 1086 1896 nunc
1124 1856 1289 1896 interim.
1360 1857 1393 1895 S
1403 1858 1441 1894 Y.
1473 1855 1553 1894 nilo

443 1939 575 1976 magis.

232 1993 375 2032 CLIT.
406 1991 501 2030 sine.
578 1991 611 2028 S
621 1992 659 2028 Y.
696 1991 777 2029 non
815 1989 940 2028 sinam
980 1988 1151 2038 inquam.
1232 1988 1374 2026 CLIT.
1407 1986 1553 2036 quaeso

443 2055 649 2107 paulisper.
708 2056 741 2094 S
752 2055 790 2092 Y.
822 2061 925 2092 ueto.

234 2123 379 2162 CLIT.
410 2120 548 2160 saltem
567 2122 745 2159 salutare.
805 2120 886 2158 SY.
915 2118 1032 2157 abeas
1053 2117 1084 2156 si
1104 2117 1241 2167 sapias.
1304 2117 1446 2156 CLIT.
1475 2129 1534 2155 eo.

274 2235 338 2265 353
362 2229 396 2256 te
410 2235 476 2256 om.
496 2222 612 2254 AGD¹
745 2231 808 2260 354
835 2222 956 2261 Guyet:
980 2221 1088 2251 minor
1104 2230 1179 2250 mea
1195 2230 1250 2250 res
1267 2219 1354 2250 codd.
1492 2229 1553 2258 357

232 2270 419 2300 neclectust
434 2267 647 2309 (zneglectu
664 2266 729 2306 est)
746 2264 895 2304 Bentley:
920 2263 1140 2295 neclectumst
1155 2262 1189 2292 A
1205 2274 1211 2294 :
1239 2262 1404 2302 neglectui
1422 2266 1473 2293 est
1493 2265 1556 2293 cett.

231 2314 295 2352 360
320 2322 480 2343 necessus
496 2311 554 2341 A:
583 2319 723 2340 necesse
750 2312 814 2339 cett.
948 2318 1010 2347 374
1035 2311 1177 2338 tutemet
1204 2305 1292 2336 codd.
1319 2309 1347 2336 et
1368 2304 1506 2336 Seruius
1528 2308 1558 2336 et

232 2355 300 2387 edd.
318 2359 384 2386 ant.
517 2364 582 2394 379
605 2353 750 2384 salutare
766 2350 1059 2382 A²BCDEFGP2
1083 2350 1225 2381 salutem
1238 2349 1270 2379 A
