1773 2750
165 112 242 150 111.
264 112 309 149 iv
661 116 700 151 P.
734 114 986 152 TERENTI
1016 115 1149 153 AFRI

232 236 360 273 neque
381 223 548 262 liberalis
570 225 726 263 functus
747 224 955 263 officiumst
976 223 1057 263 uiri.

230 289 328 326 DE.
361 288 456 338 quid
478 289 577 327 istuc
593 291 680 328 est?
721 290 820 327 HE.
851 296 1027 327 nostrum
1047 290 1218 329 amicum
1240 303 1354 329 noras
1371 290 1565 329 Simulum
1585 295 1650 340 465

171 367 211 389 20
228 353 467 403 aequalem?
521 355 620 392 DE.
653 353 749 403 quid
769 353 839 391 ni?
894 355 991 392 HE.
1024 353 1145 392 filiam
1165 354 1248 393 eius
1268 354 1461 404 uirginem

228 417 390 456 uitiauit.
440 419 538 456 DE.
569 419 670 456 hem.
721 419 819 456 HE.
850 431 988 456 mane:
1016 419 1097 457 non
1114 420 1209 457 dum
1225 419 1380 466 audisti,
1400 421 1561 467 De‘mea,

228 483 337 532 quod
351 484 408 520 e'st
421 482 718 532 grauissumum.
754 484 853 521 DE.
877 483 926 521 an
941 483 1153 533 quicquam
1167 491 1225 522 est
1239 483 1355 522 etiam
1369 484 1535 534 amplius
1549 486 1565 523 ?

227 548 325 585 HE.
359 560 452 586 uero
490 547 657 597 amplius
673 563 682 594 3
725 560 816 586 nam
860 549 936 586 hoc
980 549 1141 598 quidem
1182 548 1392 586 ferundum
1430 548 1563 599 aliquo

444 613 600 651 modost
618 628 623 650 :

225 676 416 727 persuasit
436 690 513 716 nox
532 679 642 716 amor
662 677 799 716 uinum
820 678 1085 717 adulescentia
1102 693 1108 716 :
1580 685 1650 718 470

167 752 206 785 ²5
226 742 490 781 humanumst.
549 743 617 781 ubi
638 742 709 781 scit
729 743 885 790 factum,
908 745 959 782 ad
980 751 1143 782 matrem
1163 742 1320 794 uirginis

223 806 333 845 uenit
353 807 459 857 ipsus
479 808 581 845 ultro
601 808 820 846 lacrumans
841 821 955 847 orans
976 809 1185 849 obsecrans

222 871 343 910 fidem
364 873 472 919 dans,
495 872 625 910 iurans
646 886 687 911 se
708 874 814 911 illam
835 874 1045 912 ducturum
1067 875 1241 912 domum.

220 936 447 987 ignotumst,
469 937 682 985 tacitumst‚
702 937 941 977 ereditumst.
1001 938 1111 989 uirgo
1131 938 1177 977 ex
1197 951 1245 976 eo

219 1001 448 1052 compressu
469 1001 629 1053 grauida
656 1003 818 1041 factast:
849 1002 994 1041 mensis
1017 1001 1113 1055 [hic]
1137 1002 1327 1041 de'cumus
1349 1010 1430 1042 est:
1575 1009 1642 1045 475

159 1081 201 1113 30
219 1066 283 1106 ille
303 1067 432 1106 bonus
453 1067 511 1105 uir
530 1067 645 1105 nobis
666 1067 878 1118 psaltriam,
899 1067 929 1105 si
950 1069 1010 1106 dis
1031 1069 1168 1118 placet,

219 1131 368 1181 parauit
389 1131 548 1182 quicum
570 1133 677 1170 uiuat
693 1147 702 1179 3
731 1132 836 1171 illam
857 1132 1009 1172 deserit.
1061 1180 1064 1182 ,

218 1198 316 1235 DE.
349 1210 419 1247 pro
440 1197 575 1236 certon
595 1205 637 1236 tu
658 1197 778 1237 istaec
798 1198 925 1238 dieis?
980 1200 1079 1237 HE.
1112 1206 1234 1237 mater
1254 1199 1412 1249 uirginis

218 1262 257 1300 in
278 1262 457 1311 me'cliost‚
482 1263 565 1314 ipsa
585 1265 705 1314 uirgo,
728 1277 787 1303 res
808 1264 901 1315 ipsa,
926 1265 990 1303 h1'c
1012 1265 1112 1303 Geta

216 1328 425 1380 praeterea,
449 1336 491 1368 ut
511 1337 648 1380 captus
670 1329 727 1368 est
747 1343 964 1379 seruorum,
984 1331 1065 1369 non
1086 1332 1211 1369 malus
1574 1331 1644 1373 480

159 1409 197 1441 35
216 1407 346 1444 neque
366 1393 491 1433 ine'rs:
521 1394 588 1433 alit
609 1394 703 1442 illas,
727 1396 832 1433 solus
853 1409 1012 1434 omnem
1034 1395 1221 1434 familiam

215 1459 429 1498 sustentat:
460 1460 567 1498 hunc
587 1459 752 1508 abduce,
776 1459 893 1508 uinci,
917 1461 1060 1511 quaere
1081 1474 1173 1499 rem.

219 1526 309 1564 GE.
342 1524 464 1564 immo
485 1524 615 1564 he'rcle
635 1533 832 1576 extorque,
856 1526 929 1564 nisi
950 1526 1003 1565 ita
1023 1528 1216 1573 factumst,
1244 1525 1405 1565 Demea.

213 1589 412 1641 postre'mo
432 1603 513 1629 non
534 1590 715 1640 negabit:
746 1604 877 1629 coram
899 1591 1027 1642 ipsum
1049 1593 1159 1630 cedo.

213 1656 311 1694 DE.
343 1655 489 1706 pudet:
520 1668 594 1694 nec
614 1655 711 1706 quid
731 1669 843 1706 agam
865 1659 995 1706 neque
1016 1657 1111 1707 quid
1132 1656 1223 1695 huic
1244 1657 1504 1707 respondeam
1568 1661 1635 1706 485

151 1736 194 1768 40
213 1721 305 1760 scio.
363 1722 452 1759 PA.
485 1721 666 1760 miseram
688 1735 764 1770 me,
787 1723 944 1760 differor
964 1721 1167 1760 doloribus
1185 1725 1191 1760 ἶ

213 1786 317 1825 Iuno
339 1785 500 1833 Lucina,
523 1786 579 1824 fer
599 1790 740 1836 opem!
772 1800 883 1825 serua
905 1800 968 1825 me
996 1787 1184 1826 obsecro!
1241 1787 1339 1825 HE.
1372 1787 1474 1831 hem,

212 1864 307 1889 num
328 1864 420 1889 nam
437 1851 500 1889 fila
517 1864 664 1901 quaeso
681 1851 872 1902 parturit?
917 1852 1007 1891 GE.
1031 1859 1145 1899 certe,
1166 1851 1308 1902 Hegio.
1351 1852 1449 1889 HE.
1473 1864 1547 1899 em,

211 1915 323 1955 illaec
343 1916 462 1955 fidem
483 1929 590 1955 nunc
610 1917 781 1955 nostram
803 1916 981 1966 implorat,
1006 1916 1157 1955 De'mea
1175 1931 1181 1954 :

211 1981 320 2032 quod
341 1981 412 2020 uos
433 1980 491 2019 uis
512 1981 615 2031 cogit
636 1982 675 2020 1‘d
697 1982 900 2019 uoluntate
921 1981 1112 2031 impetret.
1565 1992 1635 2026 490

150 2063 190 2095 45
212 2049 308 2087 haec
329 2048 499 2098 primum
520 2055 561 2086 ut
583 2049 676 2086 fiant
697 2049 794 2087 deos
815 2060 962 2098 quaeso
983 2056 1025 2085 ut
1046 2047 1159 2086 uobis
1179 2049 1303 2086 decet.

211 2113 269 2151 sin
291 2113 399 2151 aliter
419 2112 573 2150 animus
594 2113 726 2151 uoster
745 2119 813 2159 est,
837 2125 921 2162 ego,
947 2111 1108 2153 Demea,

253 2217 314 2256 464
340 2215 373 2246 A
394 2228 400 2247 :
425 2220 477 2247 est
494 2217 636 2247 officium
654 2216 732 2247 A‘22
845 2217 907 2255 468
933 2220 975 2247 Σῑ
1008 2216 1087 2255 quid
1108 2215 1141 2246 A
1257 2226 1319 2256 475
1345 2216 1398 2247 hic
1414 2217 1548 2248 sustulit

209 2259 339 2300 Bentley
457 2261 519 2299 478
544 2261 679 2302 certon]
700 2265 790 2290 certo
807 2260 838 2290 A
960 2261 1024 2298 480
1048 2259 1169 2290 malum
1187 2259 1220 2290 A
1342 2271 1407 2299 490
1422 2260 1543 2291 ACD:

210 2304 261 2334 ius
280 2307 341 2335 cett.
