1773 2750
781 102 1003 141 ANDRIA
1482 103 1548 138 IV.
1570 100 1584 138 i

230 218 358 256 idnest
379 217 544 255 uerum?
573 216 695 253 immo
715 214 755 253 id
777 221 834 252 est
855 213 1082 263 pessumum
1103 212 1309 250 homimim
1330 225 1462 261 genus,

142 289 211 333 630
229 281 449 332 de'negandi
470 281 591 320 modo
611 280 697 330 quis
717 280 845 329 pudor
864 279 1024 329 pakilum
1045 278 1155 316 adest
1169 291 1180 324 3

229 347 317 395 p6st
337 345 405 384 ubi
425 345 597 394 tempust
617 345 807 394 promissa
827 343 903 381 iam
923 341 1068 392 perfici,

229 413 312 448 uim
333 411 459 448 coacti
478 408 698 448 necessario
719 421 760 446 se
781 407 970 458 aperiunt.

231 473 285 527 [et
304 474 442 513 timent
463 475 656 523 denegare
676 480 713 511 et
734 480 864 511 tamen
886 485 944 510 res
965 469 1137 522 premit]

229 539 282 577 ibi
303 547 386 577 tum
407 552 542 578 eorum
564 538 905 588 inpudentissuma
925 535 1085 574 oratiost

232 603 342 654 ‘quis
363 607 404 641 ui
425 605 484 642 ⁵5?
512 602 599 653 quis
620 602 674 640 mi
694 604 753 640 's?
782 614 880 651 quor
900 601 1029 639 meam
1049 599 1150 638 tibi?
1576 608 1616 632 10

142 672 208 716 635
228 669 336 715 heus,
358 669 570 718 prdxumus
591 681 677 706 sum
698 666 853 716 egomet
873 664 993 703 mihi.'

228 740 267 771 at
287 733 418 771 tamen
441 732 533 771 ‘ubi
555 733 652 771 fides
668 733 705 770 ?'
735 732 766 769 si
786 743 908 780 roges,

229 798 282 835 nil
302 798 452 848 pudent
473 796 546 844 hic,
572 796 640 835 fibi
659 803 776 846 opust
794 810 804 843 3
832 795 886 833 illi
907 795 974 833 ubi

229 861 283 900 nil
303 862 401 912 (Spus
423 868 491 909 est,
514 861 568 900 ibi
590 860 782 899 uere'ntur.

229 926 299 965 sed
319 926 415 977 quid
434 928 576 976 agam?
609 927 802 964 adeamne
829 925 879 964 ad
900 938 989 964 eum
1012 932 1049 963 et
1070 938 1158 963 cum
1182 939 1228 963 eo
1250 923 1428 963 iniliriam
1449 925 1552 962 hanc
1573 940 1610 972 15

441 992 683 1042 expdstulem
699 992 716 1029 ?

141 1061 211 1104 640
228 1057 401 1107 ingeram
423 1058 524 1095 mala
545 1058 700 1095 mlilta?
728 1056 836 1106 atqui
856 1055 996 1105 aliquis
1017 1056 1121 1094 dicat
1145 1056 1221 1093 ‘nil
1243 1054 1485 1106 pron16ueris
1500 1055 1531 1091 ³:

228 1122 395 1160 multtim
415 1136 422 1159 :
443 1122 631 1160 molestus
646 1120 749 1160 certe
763 1120 798 1159 ei
815 1122 924 1159 fuero
940 1129 1059 1170 atque
1072 1120 1206 1158 animo
1221 1134 1370 1158 morem
1384 1119 1551 1169 gessero.

226 1188 313 1225 ΡΑ.
346 1186 528 1234 Charine,
550 1194 588 1225 et
608 1200 672 1225 me
692 1194 730 1224 et
751 1193 788 1224 te
810 1185 1035 1236 inprddens,
1057 1184 1132 1223 nisi
1152 1184 1248 1235 quid
1269 1185 1309 1223 di
1329 1183 1551 1234 respiciunt,

439 1251 604 1302 perdidi.

231 1318 320 1356 CH.
350 1317 455 1355 itane
487 1316 779 1366 ‘inprudens'P
809 1315 969 1354 tandem
1000 1313 1197 1354 inuentast
1221 1316 1364 1352 emisa:
1403 1312 1553 1351 soluisti

440 1380 571 1418 fidem.

227 1445 314 1483 ΡΑ.
345 1445 441 1494 quid
478 1444 662 1482 ‘tandem
679 1445 686 1461 '
703 1445 719 1482 ?
779 1445 867 1483 CH.
913 1442 1030 1482 etiam
1062 1447 1167 1481 minc
1202 1457 1264 1481 me
1298 1444 1442 1482 ducere
1471 1442 1552 1482 istis
1575 1461 1615 1482 20

440 1508 553 1547 dictis
572 1509 746 1558 p6stulas
761 1509 778 1546 ?

140 1576 205 1622 645
227 1575 314 1612 ΡΑ.
346 1575 441 1624 quid
468 1573 567 1612 istuc
593 1575 683 1612 est?
743 1575 832 1613 CH.
864 1574 1073 1624 postquam
1102 1587 1164 1612 me
1191 1588 1320 1612 amare
1345 1573 1434 1620 dixi,
1463 1587 1553 1612 con-

440 1639 617 1689 placitast
638 1638 719 1677 tibi.

226 1705 304 1742 heti
324 1717 387 1742 me
408 1703 590 1742 miserum
613 1705 679 1753 qui
700 1711 809 1742 tuom
830 1704 1007 1742 animum
1028 1718 1074 1742 ex
1094 1704 1226 1743 animo
1243 1705 1418 1754 spectaui
1439 1717 1528 1742 meo
1546 1707 1551 1741 ἓ

225 1771 313 1808 PA.
344 1770 461 1808 falsus
486 1783 538 1807 es.
601 1770 690 1808 CH.
722 1783 801 1807 non
823 1769 893 1807 tibi
915 1777 972 1808 sat
993 1784 1078 1808 esse
1098 1771 1174 1808 hoc
1195 1770 1323 1808 uisum
1345 1768 1552 1808 sdlidumst

438 1833 636 1884 gaddium,

226 1899 265 1937 ni
286 1913 348 1937 me
368 1899 550 1937 lactasses
570 1906 767 1937 amantem
790 1907 827 1938 et
847 1900 943 1938 falsa
963 1913 1032 1949 spe
1052 1900 1287 1950 prodticeres
1304 1902 1320 1937 ?

225 1963 380 2003 habeas.
438 1965 525 2002 ΡΑ.
557 1964 758 2002 habeam?
790 1965 852 2011 ah,
878 1963 1005 2002 nescis
1032 1963 1188 2014 quantis
1212 1964 1251 2002 in
1279 1963 1390 2002 malis
1420 1963 1552 2003 uorser
1574 1983 1612 2014 25

437 2027 554 2067 miser

265 2133 330 2171 629
351 2130 545 2162 Fleckeisen:
582 2141 692 2170 genus
716 2132 802 2162 hom.
832 2141 921 2172 pess.
941 2136 965 2163 Σ
1109 2133 1174 2170 630
1198 2132 1389 2170 denegandi
1426 2131 1549 2162 Kletle:

223 2175 256 2205 in
282 2175 482 2214 denegando
505 2178 529 2205 Σ
671 2176 735 2215 633
755 2176 926 2215 denegare
947 2178 1023 2215 post
1044 2176 1165 2216 premit
1190 2178 1322 2215 ponunt
1342 2178 1388 2206 Σε
1423 2178 1547 2216 transp.

221 2218 381 2259 Spengel:
412 2222 518 2248 totum
544 2228 676 2249 uersum
701 2219 766 2249 secl.
788 2219 891 2249 Klette
914 2223 943 2250 et
964 2219 1025 2250 alii
1183 2220 1245 2257 637
1271 2219 1400 2258 pudent
1425 2228 1499 2248 cum
1523 2218 1557 2248 F

223 2260 374 2300 Bentley:
404 2262 508 2301 pudet
525 2265 589 2293 cett.
648 2262 694 2292 illi
711 2261 885 2293 Donatus:
912 2262 975 2292 illic
994 2266 1018 2293 Σ
1107 2263 1171 2300 638
1196 2262 1239 2292 ibi
1256 2261 1331 2293 add.
1351 2260 1400 2291 D²
1487 2263 1553 2300 640

223 2305 314 2343 atqui
330 2305 432 2336 Bothe
447 2317 454 2336 ε
478 2310 578 2344 atque
595 2308 618 2335 Σ
716 2307 780 2345 647
806 2316 872 2336 non
889 2305 1030 2347 Spengel
1043 2317 1049 2338 2
1075 2316 1187 2337 nonne
1206 2309 1229 2336 Σ
1285 2310 1336 2336 sat
1354 2304 1527 2336 Fleckeisen
1545 2316 1551 2335 ε

222 2348 306 2379 satis
322 2347 412 2379 codd.
513 2350 577 2387 648
603 2349 635 2379 ni
653 2349 814 2380 Dziatzko
831 2361 837 2380 ε
862 2350 924 2380 nisi
943 2353 966 2380 Σ
