1773 2750
732 143 1040 181 ADELPHOE
1476 144 1544 179 IV.
1565 142 1612 179 iv

225 256 314 302 nah,
337 256 416 305 quo
438 255 558 293 modo
578 254 651 292 hac
671 266 734 291 me
753 251 960 303 expediam
981 252 1123 291 turba?
1151 252 1258 291 tanta
1278 265 1382 290 nunc

135 325 202 370 615
223 319 395 370 suspicio
414 321 465 358 de
486 333 548 358 me
568 317 704 357 incidit
721 332 731 366 ;

223 384 352 434 neque
372 398 418 423 ea
437 383 617 423 inmerito
636 399 643 422 ε
682 383 854 422 Sostrata

223 449 346 488 credit
366 449 461 487 mihi
483 462 545 487 me
564 447 762 499 psaltriam
782 448 908 486 hance
928 447 1069 486 emisse
1086 462 1096 495 3
1125 446 1164 485 id
1178 460 1275 485 anus
1292 446 1344 484 mi
1358 446 1546 485 indicium

437 513 537 552 fecit.

223 578 314 617 narn
327 585 370 617 ut
383 577 474 616 hinc
487 579 585 616 forte
597 578 649 616 ad
665 576 915 616 6bstetricem
931 584 1012 615 erat
1025 578 1152 624 missa,
1168 576 1235 615 ubi
1249 589 1335 615 eam
1348 575 1441 623 uidi,
1458 575 1547 615 ilico
1569 591 1608 614 10

221 644 381 690 accedo,
404 642 528 693 rogito
550 641 755 692 Pamphila
775 641 870 692 quid
890 641 988 691 agat,
1012 641 1088 679 iam
1110 648 1241 692 partus
1262 640 1397 688 aidsiet‚

136 713 206 748 620
222 721 298 747 eon
336 707 586 747 dbstetricem
623 705 806 745 accersat.
865 705 930 744 illa
959 706 1150 745 exclamat
1185 705 1282 753 ‘abi,
1321 705 1385 744 abi
1403 720 1409 743 :
1456 704 1545 752 iarn,

435 771 645 819 Aeschine,

221 836 313 875 satis
333 835 401 875 diti
421 835 565 875 dedisti
578 835 722 875 uerba:
751 842 810 874 sat
828 836 960 874 adhuc
980 837 1047 873 tria
1067 848 1138 874 nos
1155 834 1369 874 frustratest
1389 835 1512 873 fides’

224 905 246 922 “
261 903 364 949 hem,
395 902 492 952 quid
513 901 612 940 istuc
632 901 797 940 obsecro
813 902 832 919 '²
852 901 1013 951 inquam
1031 903 1125 939 “est
1140 901 1157 940 ?
1172 901 1190 918 '’
1213 903 1221 920 ‘
1238 901 1379 947 ualeas,
1403 900 1548 939 habeas

434 966 541 1004 illam
561 966 662 1016 quae
682 966 833 1016 placet.'

221 1030 325 1069 sensi
345 1030 436 1069 ilico
456 1030 496 1070 id
517 1030 601 1069 illas
622 1029 820 1081 Stispicari,
843 1031 913 1070 sed
940 1043 1003 1069 me
1024 1030 1258 1081 reprehendi
1284 1037 1427 1078 tamen,
1566 1043 1604 1076 15

222 1108 272 1134 ne
293 1096 388 1146 quid
409 1097 459 1135 de
479 1096 593 1134 fratre
613 1095 786 1146 garrulae
806 1094 860 1134 illi
881 1096 1053 1134 dicerem
1073 1108 1119 1134 ac
1140 1094 1249 1134 fieret
1268 1096 1409 1146 palam.

136 1167 180 1202 62
185 1174 202 1212 5
222 1163 328 1200 minc
349 1160 445 1211 quid
465 1159 605 1199 faciam
621 1162 638 1200 ?
665 1161 796 1200 dicam
808 1159 932 1199 fratris
948 1159 1033 1199 esse
1048 1161 1151 1199 hanc
1167 1161 1183 1199 ?
1212 1161 1320 1211 quod
1337 1158 1548 1198 minumest

435 1238 535 1276 opus

222 1293 389 1341 iisquam
410 1290 554 1330 ecferri.
613 1304 659 1329 ac
679 1291 815 1330 mitto:
850 1290 932 1329 fieri
952 1289 1055 1341 petis
1075 1297 1134 1329 est
1154 1297 1196 1329 ut
1216 1303 1266 1329 ne
1286 1303 1365 1340 qua
1385 1289 1494 1329 exeat
1513 1305 1521 1329 z

221 1357 262 1395 id
283 1355 411 1407 ipsum
428 1363 562 1395 metuo
578 1363 620 1394 ut
635 1355 807 1395 credant.
848 1362 906 1394 tot
921 1357 1159 1394 conciirrunt
1175 1354 1256 1394 ueri
1277 1354 1418 1394 similia
1433 1369 1441 1393 :

222 1420 377 1471 egomet
408 1421 518 1471 rapui
551 1420 634 1471 ipse
647 1435 658 1470 3
700 1423 856 1471 egomet
893 1419 994 1460 solui
1030 1420 1234 1472 argentum
1249 1435 1259 1469 3
1298 1421 1350 1459 ad
1383 1434 1446 1460 me
1479 1420 1547 1459 ab·
1569 1433 1610 1455 20

435 1485 590 1525 ductast
610 1487 786 1525 domum.

222 1549 319 1589 haec
338 1552 440 1590 adeo
467 1564 555 1590 mea
575 1552 690 1601 crilpa
710 1552 832 1590 fateor
852 1549 945 1589 fieri.
1005 1563 1085 1589 non
1107 1563 1170 1589 me
1194 1551 1297 1588 hanc
1317 1548 1398 1588 rem
1418 1549 1527 1600 patri,

135 1623 205 1668 630
224 1618 264 1653 rit
285 1622 326 1654 ut
347 1623 427 1654 erat
446 1622 565 1666 gesta,
581 1615 775 1655 indicasse
793 1618 799 1654 Ξ
829 1616 1050 1655 exdrassem
1071 1622 1113 1654 ut
1133 1629 1219 1654 eam
1241 1616 1437 1654 diicerem.

221 1679 416 1719 cessatum
443 1694 568 1730 usque
602 1681 733 1719 adhtic
757 1688 815 1719 est
831 1696 838 1720 :
883 1693 989 1719 nunc
1022 1693 1149 1731 porro,
1176 1679 1386 1727 Aeschine,
1418 1692 1549 1730 exper-

434 1746 605 1795 giscere!

221 1811 326 1848 minc
346 1810 423 1848 hoc
438 1809 645 1860 primumst
662 1825 668 1849 :
699 1809 749 1849 ad
769 1809 853 1849 illas
874 1809 951 1858 ibo,
975 1816 1017 1848 ut
1037 1811 1199 1861 ptirgem
1227 1822 1300 1848 me.
1359 1810 1546 1848 accedam

433 1876 484 1914 ad
505 1876 616 1914 fores.

220 1938 316 1989 perii
336 1954 342 1977 :
374 1941 558 1979 horresco
578 1939 732 1991 semper
752 1939 819 1979 ubi
840 1939 991 1990 pultare
1020 1941 1138 1979 hasce
1158 1939 1312 1990 occipio
1334 1938 1459 1978 miser.
1568 1951 1608 1983 25

220 2005 318 2043 belis
349 2006 470 2044 heus:
500 2005 723 2045 Aeschintis
757 2019 829 2056 ego
863 2019 961 2044 sum.
1019 2005 1167 2057 aperite
1197 2004 1337 2056 aliquis
1370 2011 1547 2044 actutum

435 2070 589 2110 estium.

134 2143 200 2189 635
220 2133 351 2184 prddit
371 2134 505 2174 nescio
526 2136 612 2186 quis
630 2150 636 2173 :
667 2135 885 2174 concedam
907 2135 995 2174 huc.

263 2238 328 2268 618
350 2242 386 2268 ut
403 2238 480 2269 hinc
496 2237 594 2270 A22:
621 2238 653 2269 id
667 2238 699 2268 A
799 2239 860 2269 621
885 2241 957 2278 post
973 2236 1076 2269 uerba
1091 2236 1169 2269 add.
1189 2237 1269 2270 A2E
1286 2238 1384 2269 nobis
1481 2240 1545 2278 624

221 2281 318 2323 quid]
345 2281 402 2320 qui
427 2281 460 2311 A
618 2283 681 2321 625
706 2281 813 2312 dicam
837 2281 935 2313 A22:
968 2291 1032 2313 om.
1054 2281 1088 2312 A
1250 2282 1316 2312 626
1339 2282 1492 2321 uisquarn
1508 2282 1542 2312 A

220 2325 284 2363 627
309 2325 341 2355 id
359 2325 466 2364 ipsum
483 2323 666 2356 Dziatzko:
690 2325 797 2365 ipsum
816 2325 848 2356 id
865 2324 963 2356 ΑῙΣε
990 2326 1098 2365 ipsum
1119 2323 1153 2354 A
1292 2326 1353 2363 631
1381 2336 1468 2356 nunc
1485 2325 1517 2355 A
1536 2337 1542 2355 :

221 2368 288 2398 ium
305 2367 371 2397 A²z
400 2378 488 2399 nunc
515 2368 578 2399 iarn
601 2368 670 2400 DG
810 2370 876 2408 633
900 2368 1002 2399 miser
1020 2368 1067 2400 G:
1096 2368 1187 2399 sores
1209 2367 1300 2400 AB:
1328 2368 1430 2399 miser
1454 2369 1544 2400 fores

220 2415 284 2442 cett.
