1773 2750
545 115 818 153 HEAVTON
848 115 905 153 TI
913 115 1122 154 MORVM
1130 116 1271 154 ENOS
1481 116 1556 154 III.
1577 115 1621 152 iii

246 227 315 264 sed
343 225 554 264 ndstrumst
580 224 803 274 intellegere
828 233 868 263 ut
896 238 1097 275 quomque
1123 234 1240 275 atque
1267 226 1334 264 tibi
1361 240 1560 277 quomque

459 303 557 341 opus
578 289 625 328 sit
646 289 822 339 6bsequi.

246 356 327 393 SY.
359 356 454 405 quid
474 354 546 392 iste
567 357 715 392 narrat!
775 355 854 393 CL.
887 353 992 405 perii.
1052 355 1132 393 SY.
1165 354 1350 404 Clitipho,
1374 354 1470 393 haec
1491 369 1562 404 ego

460 418 656 469 praecipic‘)
677 418 780 457 tibi?

160 488 227 530 580
245 482 415 522 h6minis
442 483 538 533 frugi
566 490 604 521 et
627 482 879 533 temperantis
909 484 1076 522 stinctu's
1104 483 1308 522 officitim?
1366 485 1446 522 CL.
1478 491 1562 522 tace

457 548 583 586 sodes.

244 614 325 651 SV.
356 612 459 651 recte
494 625 597 651 sane.
669 613 759 651 CH.
792 613 895 662 Syre,
927 613 1050 662 pudet
1077 625 1150 650 me.
1210 613 1242 650 S
1253 613 1290 650 Y.
1323 611 1467 650 cre'do:
1498 626 1560 650 ne·
1581 629 1620 650 20

456 690 533 726 que
553 676 593 716 id
614 676 776 724 initiria3
805 677 900 726 quin

243 740 338 780 mihi
370 742 626 780 molestumst.
698 743 778 780 CL.
816 741 944 792 perdis
976 743 1116 780 hercle.
1188 742 1268 780 SV.
1306 741 1440 780 uerum
1472 741 1562 779 dico

456 807 565 856 qudd
586 805 751 845 uidetur.

245 872 325 910 CL.
357 871 437 910 ndn
465 872 652 909 accedam
682 872 733 910 ad
763 873 880 910 illos?
938 873 1028 911 CH.
1061 873 1137 911 eho
1167 885 1324 922 quaeso,
1351 874 1429 910 tina
1457 884 1564 910 acce-

457 936 583 974 dundi
603 935 702 974 uiast
718 938 734 974 ?

243 1001 276 1039 S
286 1001 324 1039 Y.
355 1000 548 1039 zictumst:
588 1001 652 1040 hic
683 1001 788 1051 prius
819 1015 860 1040 se
894 1001 1071 1040 indicarit
1105 1001 1223 1051 qua'm
1257 1014 1330 1051 ego
1360 1008 1562 1051 argentum

457 1065 632 1105 effe'cero.

158 1133 221 1178 585
243 1129 442 1177 Chremes,
466 1130 533 1168 uin
563 1138 604 1169 tu
636 1130 786 1169 homini
817 1132 935 1170 sttilto
962 1131 1014 1170 mi
1039 1131 1286 1170 auscultare?
1344 1131 1434 1170 CH.
1466 1129 1562 1180 quid

456 1195 594 1234 facizim
611 1198 628 1234 ?
684 1198 764 1235 SV.
797 1196 888 1235 iube
908 1198 1013 1235 hunc

242 1259 348 1298 abire
375 1259 466 1298 hinc
492 1260 635 1310 aliquo.
696 1261 776 1299 CL.
808 1261 888 1310 qud
917 1274 989 1310 ego
1019 1260 1110 1299 hinc
1139 1261 1311 1298 abeam?
1367 1261 1448 1298 SY.
1481 1259 1560 1309 qu6
1581 1270 1620 1302 25

458 1325 565 1363 lubet
582 1340 588 1362 :
619 1326 670 1363 da
690 1324 763 1362 illis
784 1326 915 1363 locum
935 1340 941 1362 :

241 1388 306 1428 abi
339 1389 646 1428 deambulatum.
707 1391 787 1429 CL.
819 1389 1144 1429 deambulatum?
1183 1389 1292 1439 qud?
1358 1390 1439 1428 SV.
1472 1390 1559 1435 nah,

456 1454 566 1505 quasi
587 1456 687 1494 desit
708 1456 827 1493 locus.

241 1519 306 1558 abi
327 1519 420 1558 szine
440 1518 546 1566 istac,
570 1519 766 1567 istdrsum,
787 1519 939 1569 quouis.
1000 1520 1090 1558 CJJ.
1123 1518 1226 1557 re'cte
1246 1518 1351 1566 dicit,
1375 1517 1528 1557 censeo.

245 1586 325 1624 CL.
357 1585 397 1624 di
418 1592 456 1623 te
477 1584 674 1624 eradicent
696 1586 764 1636 qui
785 1598 848 1623 me
869 1584 961 1622 hinc
982 1585 1163 1630 extrudis,
1187 1585 1279 1633 Syre
1299 1587 1305 1622 !

157 1657 224 1693 590
242 1651 275 1689 S
285 1651 323 1688 Y.
354 1657 393 1688 at
414 1652 454 1688 ui
476 1652 542 1700 pol
563 1650 632 1688 tibi
653 1649 744 1689 istas
765 1651 930 1701 pdsthac
951 1648 1199 1698 comprimitc‘)
1221 1662 1358 1687 manus
1376 1651 1436 1686 3-

240 1714 386 1753 censen
406 1728 500 1753 uero
517 1717 542 1753 ?‘
561 1716 656 1765 quid
678 1715 787 1753 illum
811 1728 926 1765 porro
948 1714 1083 1753 credas
1104 1715 1306 1760 facturtim,
1331 1715 1530 1760 Chremes,
1580 1721 1619 1752 30

241 1779 314 1818 nl'si
335 1794 436 1827 eum,
460 1788 650 1830 quantum
672 1780 742 1819 tibi
763 1780 848 1830 opis
869 1780 910 1819 di
930 1781 1035 1826 dant,
1060 1778 1189 1817 seruas
1212 1777 1375 1827 castigzis
1396 1780 1562 1816 mones?

242 1846 335 1884 CH.
368 1845 440 1896 ego
461 1845 560 1884 istuc
587 1846 743 1885 curabo.
804 1846 885 1884 ΞΥ.
918 1844 1027 1894 εἰῐῳιί
1057 1857 1162 1882 nunc
1191 1842 1273 1890 tibi,
1297 1842 1369 1890 ere,
1392 1842 1478 1881 istic
1498 1843 1561 1881 ad-

455 1911 671 1949 seruandus
693 1918 761 1949 est.

242 1978 333 2016 CH.
365 1978 442 2016 fiet.
502 1978 534 2016 S
545 1978 583 2015 Y.
616 1976 818 2027 sisapiz'155
848 1988 939 2014 nam
967 1974 1063 2013 mihi
1092 1974 1169 2013 iam
1198 1975 1327 2012 minus
1355 1972 1562 2021 minusque

454 2041 710 2091 obtemperat.

155 2113 218 2151 595
243 2107 333 2146 CH.
365 2107 460 2157 quid
481 2108 555 2145 tu?
584 2105 728 2157 ecquid
748 2106 798 2145 de
819 2104 886 2144 illd
902 2105 1010 2156 quod
1031 2105 1184 2144 dudum
1205 2102 1336 2142 te'cum
1358 2101 1418 2152 egi
1439 2101 1558 2151 egisti,

454 2173 547 2222 Syre
563 2173 579 2210 ?

283 2277 345 2314 582
369 2276 483 2315 perdis
511 2275 569 2306 A:
603 2275 722 2315 pergin
751 2278 774 2306 Σ
906 2275 970 2313 583
995 2284 1061 2304 non
1090 2272 1148 2303 A:
1183 2283 1271 2303 none
1299 2271 1373 2303 A¹:
1409 2281 1520 2302 nonne
1539 2274 1562 2302 Σ

241 2320 304 2358 589
329 2319 417 2358 Syre
434 2323 509 2349 ante
524 2319 579 2358 qui
592 2322 725 2359 ponunt
739 2317 827 2349 codd.
928 2328 994 2356 590
1018 2316 1073 2355 pol
1091 2327 1154 2347 om.
1171 2315 1260 2346 codd.
1273 2315 1412 2354 plerique
1500 2324 1558 2353 591

241 2363 359 2393 credas
376 2362 408 2391 A
428 2374 435 2393 ε
458 2363 569 2393 credis
586 2366 610 2393 Σ
705 2372 769 2401 593
794 2361 850 2391 tibi
868 2371 925 2392 ere
942 2360 1113 2391 Fleckeisen
1132 2370 1138 2389 :
1163 2370 1219 2390 cre
1236 2359 1293 2389 tibi
1310 2358 1396 2390 codd.
1497 2367 1560 2397 595

242 2410 296 2436 aut
309 2409 383 2445 post
400 2406 489 2446 Syre
507 2406 624 2436 habent
638 2404 727 2437 codd.
