1773 2750
705 132 1005 170 EVNVCHVS
1442 134 1510 170 IV.
1535 132 1580 168 iv

105 254 173 288 680
191 246 240 284 ad
272 245 342 284 nds
373 246 617 283 deductum?
673 245 764 281 ΡΗ
798 242 968 293 na‘mque
997 243 1116 282 alium
1149 244 1266 282 habui
1303 243 1511 282 neminem.

404 310 491 347 ΡΥ.
523 322 583 355 au,

192 387 241 412 ne
262 373 548 424 cdmparandus
569 372 730 422 quidem
752 371 816 410 hic
835 373 886 410 ad
908 371 1076 410 illumst:
1107 373 1170 410 ille
1191 379 1269 411 erat

191 439 357 477 hone'sta
376 437 474 476 facie
494 444 531 475 et
551 436 709 475 liberali.
768 438 861 474 ΡΗ
894 436 946 474 ita
966 437 1072 474 uisus
1093 443 1150 474 est
1541 441 1578 471 15

192 505 354 550 dudiim,
379 502 470 552 quia
490 501 596 539 uaria
616 500 726 539 ueste
748 503 955 539 exornatiis
976 500 1057 538 fuit.

192 581 298 607 nunc
318 566 388 606 tibi
409 566 563 605 uidetur
583 564 733 612 foedus,
757 565 848 615 quia
868 565 972 603 illam
994 566 1074 604 n6n
1096 566 1226 604 habet.

105 632 170 677 685
191 633 278 670 PY.
311 639 395 670 tace
416 630 603 669 6bsecro:
635 629 746 680 quasi
767 628 861 668 ue'ro
881 631 1041 679 paulum
1065 628 1246 668 intersiet.

190 699 240 736 ad
262 697 333 735 ηόε
353 696 546 735 deductus
568 695 724 733 hddiest
744 694 1072 742 adulescentulus,

191 776 308 813 quem
330 764 371 799 tii
391 760 524 799 uidere
545 759 639 798 uero
661 761 791 807 uelles,
817 759 1018 798 Phaedria.
1543 773 1582 794 20

192 827 254 865 hic
276 826 332 864 est
353 825 479 864 uietus
501 824 614 863 ue'tus
637 827 866 864 ueternosi'is
887 838 1016 872 senex,

192 891 322 930 coldre
344 890 562 928 mustelino.
624 892 716 927 ΡΗ
750 891 852 936 hem,
877 903 977 939 quae
998 891 1096 929 haee
1117 897 1174 928 cst
1195 890 1355 928 faibula?

106 959 174 1002 690
192 970 238 995 eo
260 955 409 1005 rediges
431 968 493 993 me
514 962 554 992 ut
577 954 671 1004 quid
695 954 837 1004 e'gerim
861 962 1015 1004 egomet
1036 954 1239 993 nesciam?

192 1023 267 1060 eho
284 1029 335 1067 tu,
359 1019 463 1058 e'min
484 1033 555 1069 ego
577 1021 643 1057 te?
702 1020 797 1058 DO.
830 1019 968 1057 emisti.
1026 1021 1114 1057 ΡΥ.
1146 1019 1238 1058 iube
1260 1019 1312 1057 mi
1334 1017 1466 1057 denuo

191 1086 435 1135 respondeat.
494 1085 586 1122 ΡΗ
618 1097 718 1134 roga.
779 1085 868 1121 ΡΥ.
897 1083 1038 1122 ue'nisti
1059 1083 1179 1122 hodie
1194 1085 1245 1122 ad
1261 1084 1363 1121 nds?
1392 1089 1517 1133 negat.
1543 1094 1579 1124 25

191 1159 230 1189 at
251 1150 313 1188 ille
333 1149 427 1187 dlter
447 1148 555 1187 uenit
575 1148 699 1186 zinnos
721 1154 834 1185 natus
856 1146 1039 1195 se'decim,

193 1228 311 1265 quem
328 1214 461 1253 secum
477 1213 639 1253 adduxit
656 1213 859 1251 Pc'trmeno.
908 1214 1000 1250 ΡΗ
1023 1226 1094 1263 age
1107 1214 1203 1251 dum
1219 1214 1296 1251 hoc
1312 1211 1365 1250 mi
1382 1211 1521 1261 e'xpedi

107 1284 173 1327 695
193 1280 362 1330 primum
380 1295 386 1318 :
416 1281 528 1318 istam
550 1292 667 1329 quam
689 1279 811 1317 habes
832 1278 938 1316 finde
959 1277 1080 1316 habes
1101 1276 1281 1316 ueste'm?
1310 1278 1445 1315 taces?

194 1353 411 1383 monstrum
431 1344 613 1392 hdminis,
637 1357 717 1383 non
741 1343 957 1382 dictiiru's?
1013 1344 1109 1381 DO.
1141 1341 1250 1381 uenit
1271 1341 1470 1381 Chae'rea:

192 1411 285 1448 ΡΗ
318 1409 511 1448 fraterne?
577 1409 673 1448 Do.
705 1409 768 1446 ita.
833 1409 926 1446 PII.
960 1408 1149 1457 quando?
1213 1407 1309 1446 DO.
1342 1406 1518 1445 hoeedie.
1541 1415 1581 1445 30

406 1477 498 1513 ΡΗ
531 1488 649 1524 quam
670 1475 852 1512 dudiim?
908 1474 1004 1512 DO.
1037 1473 1168 1511 modo.

193 1541 286 1578 ΡΗ
318 1540 507 1590 quietim?
563 1540 658 1578 DO.
690 1552 780 1577 cum
803 1538 1058 1577 Parmendne.
1118 1539 1210 1575 ΡΗ
1244 1549 1410 1575 norasne
1431 1538 1520 1575 etim

408 1605 511 1655 prius
525 1606 542 1643 ?

195 1671 290 1709 DO.
322 1683 413 1708 non.
473 1683 545 1708 nec
565 1670 652 1720 quis
673 1677 774 1709 esset
796 1681 984 1719 umquam
1006 1667 1205 1706 audieram
1227 1667 1358 1705 dicier.

111 1746 179 1781 700
201 1736 288 1772 ΡΗ
311 1735 417 1773 finde
437 1733 550 1784 igitur
570 1735 724 1773 fratrem
746 1733 878 1772 meum
901 1746 985 1771 esse
1007 1731 1163 1770 scibas?
1208 1732 1303 1770 DO.
1328 1731 1521 1769 Pz'zrmeno

196 1797 353 1836 dicebat
373 1812 463 1836 eum
484 1812 578 1837 esse.
639 1799 668 1836 is
690 1798 743 1836 mi
765 1797 867 1836 haine
889 1796 999 1836 dedit
1022 1802 1182 1834 uestem.
1241 1796 1334 1833 ΡΗ
1367 1795 1505 1833 6ecidi.

195 1864 290 1902 DO.
324 1877 451 1902 meam
473 1864 555 1913 ipse
577 1864 726 1903 induit:
756 1870 844 1914 post
865 1865 943 1901 i'ma
963 1861 1082 1900 ambo
1102 1860 1281 1898 abieri'int
1302 1860 1414 1898 foras.
1542 1872 1581 1903 35

193 1930 282 1966 ΡΥ.
314 1928 390 1966 isim
411 1928 502 1967 satis
523 1928 648 1967 credis
670 1928 839 1967 sdbriam
861 1941 945 1966 esse
967 1941 1030 1966 me
1051 1926 1088 1964 e't
1109 1925 1163 1963 nil
1186 1923 1388 1963 mentitzim
1409 1923 1509 1962 tibi?

195 1993 271 2031 inim
293 1993 383 2032 satis
403 2001 590 2032 certumst
611 1993 801 2044 uirginem
822 1992 997 2031 uitizitam
1019 1992 1134 2030 esse?
1191 1991 1284 2028 ΡΗ
1316 2002 1387 2039 age
1403 2002 1522 2037 nunc,

410 2058 548 2097 be'luae

238 2163 299 2192 681
326 2172 388 2193 nec
405 2161 523 2194 AEL:
549 2172 591 2192 ne
608 2165 674 2192 cett.
698 2164 728 2192 et
747 2160 936 2191 Priscianus
1024 2159 1076 2189 hic
1092 2159 1228 2198 quidem
1251 2157 1342 2188 codd.
1366 2169 1372 2187 :
1397 2160 1519 2196 transp-

197 2205 367 2236 Fleckeisen
497 2206 559 2245 697
585 2204 725 2236 hocedie
742 2203 914 2234 Fleckeisen
931 2214 937 2233 :
962 2202 1064 2233 hodie
1080 2201 1170 2233 codd.
1278 2202 1341 2239 699
1359 2210 1408 2239 sq.
1428 2200 1523 2230 uerba

198 2259 259 2279 nec
272 2272 279 2280 .
295 2273 302 2279 .
316 2273 322 2279 .
337 2249 441 2279 dicier
452 2259 517 2280 om.
529 2247 669 2279 AB¹P12
692 2257 774 2287 quos
789 2249 918 2279 secutus
929 2245 1060 2286 Bentley
1074 2256 1139 2276 noc.
1159 2245 1262 2284 igitur
1280 2244 1402 2274 omisso
1415 2253 1522 2273 unum

198 2303 331 2322 uersum
349 2303 387 2322 ex
401 2291 527 2322 duobus
541 2292 638 2332 cffi’cit
762 2300 821 2329 70¹
847 2290 892 2321 sic
906 2289 1057 2328 Bentley:
1083 2289 1175 2319 dedit
1193 2289 1272 2321 mihi
1293 2289 1380 2318 hanc
1396 2286 1501 2317 ADG
1515 2297 1521 2317 :

198 2336 290 2366 dedit
314 2335 392 2365 mihi
416 2336 504 2366 hane
528 2340 656 2366 uestem
674 2337 736 2366 cett.
862 2342 924 2373 702
947 2332 1137 2363 ambierunt
1154 2331 1186 2361 A
1317 2341 1379 2370 704
1405 2330 1522 2360 beluae

199 2378 369 2409 Fleckeisen
383 2390 389 2410 ;
414 2378 512 2410 belua
528 2378 615 2410 codd.

241 2432 317 2454 TER.
336 2431 413 2454 ενΝ.
1416 2419 1437 2447 9
