1773 2750
171 149 257 186 11.i
672 146 713 182 P.
744 143 996 181 TERENTI
1027 143 1160 181 AFRI

246 258 283 297 tit
316 257 418 305 uide,
450 270 569 308 quam
602 255 783 294 inmerito
815 254 1018 304 aegritudo
1049 255 1146 293 haec
1181 253 1301 292 oritur
1334 253 1387 291 mi
1418 253 1488 292 abs
1521 261 1570 300 te,

462 324 632 361 Sostrata
650 337 656 360 :

246 391 310 427 rtis
331 388 552 427 habitatum
573 386 663 434 abii,
687 385 912 424 concedens
932 384 1047 423 u6bis
1067 391 1105 422 et
1125 384 1179 422 rei
1199 384 1384 431 seruiens,

246 456 425 503 sumptus
447 459 600 491 uostros
621 451 825 500 otiumque
846 457 888 488 ut
908 450 1040 488 nostra
1060 462 1119 487 res
1139 448 1272 498 posset
1292 448 1384 499 pati,
1593 453 1658 489 225

247 517 467 558 meolabori
476 518 582 556 haud
590 516 753 566 parcens
770 522 921 566 praeter
936 514 1107 565 aequom
1123 522 1242 564 atque
1254 514 1423 553 aetate'm
1432 526 1573 552 meam.

188 602 228 633 30
247 584 328 622 non
348 590 386 621 te
407 595 477 633 pro
497 581 558 620 his
578 580 733 619 curasse
754 580 880 626 rebus,
903 578 953 618 ne
974 578 1070 629 quid
1090 591 1204 628 aegre
1225 579 1327 617 esset
1347 577 1443 616 mihi
1464 581 1470 616 1

246 649 328 688 ΞΟ.
359 648 441 686 non
468 659 556 684 mea
582 658 701 696 opera
730 646 859 695 ne'que
888 645 954 695 pol
986 644 1103 694 culpa
1131 642 1275 682 euenit.
1332 643 1421 681 LA.
1452 641 1576 680 immo

462 711 668 749 maxume:

249 779 331 817 sola
351 777 414 815 hic
435 775 540 814 fuisti
557 791 563 813 :
594 776 634 812 in
654 782 692 813 te
713 773 841 813 omnis
862 774 995 812 haeret
1016 774 1132 823 culpa
1152 774 1245 820 sola,
1268 773 1452 812 Sostrata.

248 856 349 893 quae
370 843 434 880 hic
454 847 564 880 erant
584 840 748 887 curares,
771 852 892 889 quom
914 852 986 889 ego
1007 851 1079 877 uos
1100 838 1201 876 curis
1223 837 1322 876 solui
1343 837 1491 876 ceteris.
1595 844 1663 878 230

248 910 339 946 cum
360 907 490 957 puella
510 908 629 944 anum
651 903 868 954 suscepisse
890 902 1112 941 inimicitias
1133 903 1213 941 non
1234 904 1390 951 pudet?

191 984 230 1016 35
250 972 351 1010 illius
385 971 494 1009 dices
527 971 643 1020 culpa
681 970 861 1007 factum?
917 969 998 1007 SO.
1029 968 1137 1006 haud
1171 966 1356 1017 equidem
1390 966 1493 1013 dieo,
1523 966 1578 1004 mi

466 1036 629 1073 Laches.

250 1102 338 1139 LA.
369 1101 534 1150 gaudeo,
567 1099 619 1137 ita
657 1112 721 1136 me
759 1099 800 1137 di
837 1104 985 1145 ament,
1015 1097 1121 1148 gnati
1156 1099 1297 1145 caiisa;
1340 1109 1432 1134 nam
1461 1096 1511 1134 de
1541 1095 1579 1135 te'

466 1164 628 1216 quidem

251 1230 342 1269 satis
364 1229 445 1269 scio
466 1229 670 1280 peccando
691 1227 772 1266 fieri
793 1226 1019 1266 detrimenti
1039 1228 1093 1265 nil
1114 1233 1255 1277 potest.

250 1296 332 1335 SO.
364 1295 431 1344 qui
451 1293 526 1332 scis
546 1306 596 1331 an
617 1306 662 1331 ea
683 1295 813 1340 causa,
833 1291 887 1329 mi
908 1291 976 1338 uir,
1000 1304 1064 1330 me
1084 1291 1215 1330 odisse
1235 1289 1539 1336 adsimulauerit‚
1598 1296 1664 1333 235

252 1363 293 1398 iit
319 1372 409 1397 cum
438 1364 560 1396 matre
586 1358 673 1407 plus
701 1370 778 1395 una
807 1357 941 1395 esset?
996 1357 1084 1394 LA.
1116 1356 1212 1405 quid
1241 1356 1327 1393 ais?
1369 1367 1450 1393 non
1480 1354 1578 1404 signi

466 1423 543 1462 hoc
564 1430 622 1460 sat
643 1429 711 1469 est,

190 1505 232 1538 40
252 1489 360 1539 quod
381 1487 464 1527 heri
484 1501 602 1526 nemo
623 1486 748 1526 uoluit
769 1486 963 1525 uisentem
983 1486 1034 1525 zid
1055 1498 1142 1524 eam
1163 1492 1202 1524 te
1223 1484 1324 1523 intro
1343 1485 1580 1523 admittere?

253 1555 332 1594 SO.
364 1553 470 1592 enim
497 1554 639 1591 lassam
666 1551 815 1602 oppido
840 1559 923 1590 tum
951 1564 1036 1590 esse
1063 1550 1219 1590 aibant:
1251 1562 1298 1589 eo
1319 1549 1369 1588 ad
1390 1562 1477 1588 eam
1499 1562 1579 1587 non

466 1618 639 1656 admissa
659 1630 757 1655 sum.

252 1685 340 1723 LA.
372 1683 460 1722 tu6s
489 1696 575 1721 esse
605 1695 678 1732 ego
705 1681 758 1720 illi
789 1683 916 1721 mores
947 1681 1129 1720 morbum
1159 1680 1282 1731 magis
1311 1693 1430 1731 quam
1461 1681 1579 1718 ullam

466 1748 584 1786 aliam
604 1760 685 1786 rem
705 1746 879 1794 arbitror,

253 1814 290 1853 et
312 1813 450 1852 merito
470 1813 572 1851 adeo
587 1827 597 1861 3
625 1812 717 1850 nam
739 1819 957 1850 uostrarum
979 1812 1122 1850 nullast
1142 1810 1238 1861 quin
1258 1811 1420 1861 gnatum
1442 1808 1535 1847 uelit
1599 1821 1668 1856 240

252 1880 397 1917 ducere
416 1890 577 1916 uxorem
593 1892 604 1925 3
632 1877 670 1916 e't
690 1890 791 1927 quae
811 1876 926 1915 uobis
946 1876 1125 1927 placitast
1146 1875 1329 1914 condicio
1350 1875 1463 1913 datur
1481 1889 1488 1912 :

191 1953 233 1987 45
253 1943 321 1981 tibi
342 1943 487 1982 duxere
508 1942 665 1992 inpulsu
687 1949 831 1988 nostro,
855 1942 989 1980 uostro
1009 1941 1166 1991 inpulsu
1187 1941 1347 1980 easdem
1369 1939 1538 1989 exigunt.

203 2058 232 2095 ii
398 2060 712 2095 Pmmppvs
824 2058 1046 2095 LACHEs
1157 2057 1446 2094 SOSTRATA

253 2134 349 2172 PH.
384 2134 468 2172 Etsi
489 2133 571 2171 scio
592 2145 676 2183 ego,
701 2132 948 2180 Philumena,
969 2144 1101 2170 meum
1123 2130 1181 2169 ius
1202 2143 1287 2169 esse
1307 2137 1349 2168 ut
1369 2136 1408 2167 te
1428 2129 1567 2179 cogam

253 2211 355 2248 quae
384 2210 457 2248 ego
487 2199 676 2247 imperem
705 2198 842 2243 facere,
873 2195 945 2246 e'go
974 2202 1106 2234 tamen
1135 2194 1260 2245 patrio
1291 2193 1424 2232 animo
1454 2193 1581 2232 uictus

470 2262 609 2300 faciam

299 2375 362 2404 225
385 2364 581 2404 sumptosA
734 2374 797 2403 227
823 2362 907 2395 deest
921 2363 953 2394 2⁶11
970 2362 1004 2395 A
1169 2371 1232 2402 234
1257 2360 1451 2394 Fleckeisen:
1477 2359 1580 2392 detri-

256 2410 359 2443 menti
379 2409 422 2439 nil
443 2409 514 2439 fieri
533 2412 645 2448 potest
664 2406 751 2444 codd,
