1773 2750
720 126 1026 163 ADELPHOE
1463 127 1538 163 ΙΙΙ.
1561 126 1606 162 iv

214 237 367 277 summa
387 237 425 276 ui
446 237 655 276 defendam
679 235 779 274 hanc
799 243 916 286 atque
938 235 1045 273 illum
1068 236 1275 274 mortuom.

213 302 400 353 cognatus
421 301 516 340 mihi
536 309 640 349 erat3
669 303 746 339 tina
765 313 787 338 a
807 300 935 351 pueris
955 300 1124 350 paruolis

126 379 192 416 495
213 381 347 406 sumus
368 366 498 406 e'ducti
512 381 521 414 3
551 378 629 404 una
649 365 802 415 semper
822 364 980 403 militiae
1001 364 1038 403 et
1059 364 1167 403 domi

213 431 356 470 fuimus
371 446 382 479 3
411 438 679 481 paupertatem
701 433 778 467 tina
797 429 1027 480 pertulimiis
1047 442 1217 479 grauem.
1562 441 1603 473 50

212 496 448 545 quapropter
467 494 576 542 nitar,
599 494 751 540 faciam,
774 493 956 544 experiar,
980 493 1152 543 denique

211 560 380 598 animam
402 559 619 609 relinquam
640 559 770 609 potius
790 572 909 609 quam
930 559 1013 596 illas
1034 559 1222 597 deseram.

211 625 305 674 quid
327 624 421 662 mihi
441 625 684 674 respondes?
739 625 836 662 DE.
868 624 1022 662 fratrem
1044 623 1289 671 conueniam,
1314 623 1455 674 Hegio.

126 696 193 732 500
209 690 307 727 HE.
339 690 418 736 sed,
444 688 604 734 Demea,
629 689 704 727 hoc
725 695 766 726 tu
787 687 904 726 facito
924 701 1015 727 cum
1035 688 1168 727 animo
1189 689 1357 739 cogites:
1560 702 1598 734 55

209 767 326 803 quam
348 754 418 791 uos
439 752 635 791 facillume
655 753 775 803 agitis,
799 766 917 803 quam
939 752 1029 792 estis
1050 754 1232 792 maxume

207 820 388 867 potentes
409 817 508 856 dites
529 818 712 857 fortunati
734 818 897 865 nobiles,

207 890 286 920 tarn
307 883 488 921 maxume
508 896 579 921 uos
599 883 727 933 aequo
747 882 879 921 animo
899 896 1025 933 aequa
1045 883 1206 923 noscere

206 948 370 997 oportet,
393 947 424 985 si
444 961 516 986 uos
536 947 652 986 uoltis
673 947 866 997 perhiberi
886 948 1041 998 probos

121 1025 184 1062 505
206 1012 302 1050 DE.
335 1013 461 1051 redito
480 1027 487 1051 :
518 1013 612 1051 fient
633 1012 734 1062 quae
754 1012 835 1051 fieri
855 1020 1061 1062 aequomst
1083 1012 1225 1052 omnia.
1554 1019 1598 1051 60

203 1078 301 1115 HE.
334 1077 447 1116 decet
467 1085 505 1116 te
525 1078 661 1116 facere.
721 1077 831 1125 Geta,
854 1079 932 1116 duc
954 1091 1016 1116 me
1036 1076 1137 1116 intro
1157 1079 1207 1117 ad
1229 1079 1508 1118 Sostratam.—

203 1143 300 1180 DE.
333 1155 414 1180 non
436 1156 498 1181 me
520 1142 718 1181 indicente
739 1143 835 1180 haec
856 1143 955 1180 fiunt
973 1158 979 1181 :
1010 1142 1158 1181 utinam
1181 1143 1244 1182 hic
1265 1145 1312 1182 sit
1334 1146 1454 1183 modo

203 1208 432 1246 defunctum
451 1210 457 1246 1
487 1221 624 1246 uerum
644 1207 764 1245 nimia
784 1207 895 1246 illaec
915 1207 1071 1246 lice'ntia

202 1273 378 1323 profecto
398 1275 540 1313 euadet
560 1274 599 1311 in
618 1273 779 1324 aliquod
801 1276 984 1324 magnum
1007 1275 1164 1312 malum.

118 1347 185 1384 510
203 1337 268 1376 ibo
287 1339 333 1377 ac
354 1337 546 1389 requiram
566 1339 730 1385 fratrem,
754 1346 795 1377 ut
816 1338 855 1376 in
876 1351 965 1377 eum
987 1339 1083 1377 haec
1104 1338 1298 1378 euomam.
1552 1344 1592 1386 65

773 1475 959 1512 HEo1o
1550 1485 1580 1512 v

199 1575 313 1612 Bono
334 1573 467 1613 animo
488 1575 548 1614 fac
570 1573 634 1623 sis,
656 1573 838 1621 Sostrata,
862 1581 900 1612 et
920 1572 1032 1612 istam
1055 1572 1163 1623 qu6d
1184 1580 1296 1624 potes

198 1640 258 1677 fac
279 1639 491 1679 consolere.
552 1653 624 1690 ego
647 1638 876 1686 Micionem,
900 1638 931 1677 si
950 1639 1056 1688 apud
1077 1639 1255 1686 forumst,

198 1705 433 1743 conue'niarn
453 1713 572 1756 atque
591 1713 634 1744 ut
654 1718 714 1743 res
733 1705 878 1754 ge'stast
898 1704 1063 1742 narrabo
1084 1703 1221 1742 ordine
1239 1718 1245 1741 z

198 1768 229 1806 si
250 1776 308 1807 est
327 1770 361 1807 2¹5
380 1771 550 1809 facturus
571 1770 613 1808 iit
634 1769 682 1808 sit
704 1768 875 1808 officium
897 1781 1021 1816 suom,

113 1840 176 1877 515
197 1833 312 1872 faciat
331 1849 339 1881 ;
378 1834 437 1872 sin
457 1835 567 1873 aliter
587 1836 637 1873 de
658 1835 732 1872 hac
752 1848 792 1872 re
813 1841 870 1872 est
891 1833 974 1872 eius
995 1832 1199 1880 sententia,
1547 1851 1563 1883 5

197 1898 432 1949 respondeat
454 1900 518 1947 mi,
541 1907 582 1938 ut
603 1900 698 1949 quid
719 1912 832 1949 agam
854 1912 972 1949 quam
995 1899 1162 1948 primum
1185 1898 1315 1937 sciam.

238 2013 301 2041 495
327 2003 496 2033 Fab'rnns:
533 2003 665 2033 educati
695 2001 782 2033 codd.
930 2013 993 2041 499
1013 2006 1087 2042 pos!
1113 2002 1201 2032 Imm·
1226 2011 1360 2032 uersum
1385 2001 1522 2032 Plzorm.

195 2057 225 2076 ιι.
245 2047 305 2084 461
330 2046 521 2087 inletpolant
537 2050 560 2077 Σ
576 2058 582 2076 :
605 2045 742 2076 eundem
760 2056 894 2076 uersum
919 2045 1077 2075 Bembsno
1093 2045 1260 2085 adso-[psa
1276 2046 1327 2074 A²
1461 2055 1523 2084 507

195 2089 276 2120 sient
294 2090 325 2119 A
461 2099 522 2129 514
549 2090 575 2120 is
600 2089 675 2120 add.
695 2089 887 2120 Flcckez'sen:
920 2090 946 2120 si
967 2094 1017 2120 est
1037 2088 1122 2118 codd.
1140 2100 1144 2117 :
1172 2089 1198 2118 si
1225 2089 1301 2119 itast
1327 2088 1457 2127 Bentley
