1773 2750
756 141 989 179 HECYRA
1447 144 1522 181 III.
1543 144 1556 179 i

207 252 346 290 hacine
373 265 490 290 causa
519 265 592 301 ego
621 251 725 290 eram
756 258 865 288 tanto
894 263 1010 300 opere
1033 250 1209 300 ‚cupidus
1241 252 1430 290 redeundi
1459 253 1525 290 do<

422 319 552 355 mum!
583 315 662 362 hui,

206 381 355 431 quanto
375 382 498 420 fuerat
518 379 788 431 praestabilius
809 376 938 418 ubiuis
958 379 1133 429 gentium
1155 380 1267 430 agere
1286 388 1454 420 aetatem

120 450 184 495 285
206 459 324 496 quarn
345 447 422 485 huc
443 446 566 485 redire
586 452 703 495 atque
724 444 820 483 haec
837 444 890 482 ita
906 458 990 483 esse
1011 446 1195 484 miserum
1213 458 1275 484 me
1296 447 1503 485 resciscere
1520 449 1526 483 ἶ
1547 462 1563 491 5

205 511 296 549 nam
316 524 388 550 nos
409 524 547 549 omnes
567 510 710 560 quibus
731 516 789 548 est
808 509 991 548 alicunde
1010 509 1150 560 aliquis
1172 510 1351 550 obiectus
1372 511 1493 557 labos-‚

204 576 322 614 omne
352 576 460 626 quod
491 582 549 614 est
582 574 729 614 inte'rea
760 581 915 624 tempus
946 576 1050 625 prius
1083 588 1201 625 quam
1232 575 1272 614 id
1307 575 1527 615 rescitumst

418 641 573 678 lucrost.

204 706 334 744 PAR.
365 705 404 743 at
424 704 478 743 sic
499 704 613 743 citius
634 706 701 754 qui
722 712 759 743 te
780 704 964 754 expedias
984 706 1044 743 his
1064 704 1260 744 aerumnis
1282 705 1448 756 reperias
1465 722 1471 744 :

204 770 236 808 si
256 782 336 808 non
357 769 546 816 rediisses,
570 770 667 807 haec
688 771 812 808 multo
832 770 957 807 factae
977 769 1054 808 irae
1075 777 1205 808 essent
1224 770 1443 821 ampliores.

118 847 186 881 ²90
203 833 273 873 se'd
304 847 410 872 nunc
439 835 657 873 aduentum
689 840 798 872 tuom
832 833 982 881 ambas,
1012 833 1226 884 Pamphile,
1259 834 1357 873 scito
1388 834 1525 874 re'ueri-
1547 849 1585 871 10

417 906 520 936 turas
537 914 543 936 :

203 961 283 1000 re'm
304 975 531 1012 cognosces,
554 963 649 1001 iram
671 962 865 1012 expedies,
888 965 1038 1001 rursum
1061 962 1100 1001 in
1119 963 1280 1013 gratiam
1302 963 1491 1003 restitues.

201 1025 302 1064 leuia
322 1034 413 1065 sunt
433 1041 533 1077 quae
555 1029 594 1065 ui
617 1026 817 1077 pergrauia
837 1041 921 1066 esse
941 1029 981 1065 1'n
1001 1027 1177 1066 animum
1197 1028 1349 1067 induxti
1370 1036 1491 1067 tuom.

201 1091 343 1130 PAM.
376 1091 471 1142 quid
492 1092 696 1131 consolare
718 1093 809 1130 me?
837 1092 887 1130 an
905 1092 1112 1142 quisquam
1130 1106 1295 1143 usquam
1312 1092 1524 1142 ge'ntiumst

413 1156 538 1207 aeque
559 1157 703 1195 miser?

200 1221 305 1270 prius
322 1234 439 1271 quam
456 1222 558 1259 hanc
580 1234 737 1260 uxorem
755 1220 858 1268 duxi,
875 1221 1070 1259 habebam
1092 1220 1183 1259 alibi
1204 1220 1379 1259 animum
1400 1222 1521 1260 amori

413 1286 591 1326 deditum
609 1302 615 1325 :

114 1363 178 1400 295
199 1351 330 1391 tamen
351 1365 567 1402 numquam
587 1365 704 1391 ausus
725 1355 810 1391 sum
833 1365 1009 1391 recusare
1029 1352 1115 1391 earn
1132 1365 1249 1402 quam
1272 1352 1324 1390 mi
1345 1353 1519 1392 obtrudit
1542 1358 1580 1390 16

411 1424 543 1467 pater:
1218 1463 1220 1465 ¹

198 1481 274 1520 iam
296 1481 336 1520 in
357 1482 431 1520 hac
451 1496 501 1529 re,
518 1489 559 1520 ut
580 1489 740 1529 taceam,
757 1481 911 1532 quoiuis
927 1481 1040 1521 facile
1056 1482 1153 1520 scitu
1171 1488 1228 1520 est
1244 1494 1362 1532 quam
1384 1483 1520 1521 fuerim
1544 1496 1579 1528 15

411 1546 537 1585 miser.

197 1610 262 1649 uix
282 1625 345 1651 me
366 1611 460 1650 illim
477 1611 645 1650 abstraxi
660 1618 779 1662 atque
795 1611 1015 1662 inpeditum
1031 1611 1071 1650 in
1088 1625 1133 1650 ea
1149 1611 1331 1662 expediui
1345 1611 1521 1650 animum

411 1690 555 1724 meum,

197 1739 339 1792 uixque
361 1742 438 1779 huc
459 1742 727 1780 contuleram:
757 1755 830 1789 em,
855 1741 959 1781 noua
988 1755 1047 1781 res
1074 1749 1204 1789 ortast,
1228 1742 1342 1792 porro
1371 1742 1421 1780 ab
1448 1743 1521 1781 hac

410 1819 511 1856 quae
531 1820 594 1845 me
614 1806 823 1845 abstrahat.

196 1883 287 1909 nam
304 1876 375 1909 ant
388 1872 551 1909 matrem
568 1885 614 1910 ex
630 1884 676 1910 ea
691 1884 731 1910 re
747 1884 810 1910 me
826 1873 892 1910 aut
908 1885 1067 1911 uxorem
1086 1871 1124 1909 in
1138 1873 1253 1922 culpa
1269 1871 1519 1910 inuenturum

409 1935 595 1974 arbitror:

109 2014 178 2048 300
196 2000 304 2049 quod
326 2013 446 2050 quom
468 2001 520 2039 ita
540 2014 624 2040 esse
646 2000 845 2048 inuenero,
868 2000 964 2051 quid
989 2008 1105 2040 restat
1132 2001 1205 2040 nisi
1229 2014 1344 2052 porro
1365 2008 1407 2040 ut
1427 2001 1518 2040 fizim
1538 2016 1579 2039 20

409 2065 525 2104 miser
540 2066 557 2104 P

195 2143 287 2168 nam
308 2130 439 2169 matris
460 2132 556 2170 ferre
577 2130 735 2170 iniurias
756 2144 829 2179 me,
854 2131 1058 2179 Parmeno,
1082 2131 1205 2182 pietas
1226 2131 1334 2170 iubet
1348 2145 1358 2179 3

198 2201 281 2233 tum
302 2195 411 2234 uxori
433 2195 626 2235 obnoxius
647 2209 758 2235 sum:
788 2195 841 2235 ita
861 2196 955 2235 olim
977 2197 1048 2235 suo
1069 2210 1132 2235 me
1152 2196 1310 2246 ingenio
1331 2195 1497 2246 pertulit,

239 2298 302 2337 283
326 2297 383 2329 hui
401 2298 573 2330 Fleckeisen
591 2310 599 2330 :
623 2299 675 2330 cui
697 2298 753 2339 (ab
768 2298 861 2330 initio
879 2309 997 2330 uersus
1013 2299 1188 2340 sequentis)
1205 2298 1294 2329 codd.
1456 2299 1521 2338 289

196 2340 389 2372 Fleckeisen:
425 2342 453 2372 si
479 2353 546 2373 non
576 2343 723 2374 redisses
748 2343 813 2374 hae
838 2343 906 2373 irae
931 2342 1040 2373 sactae
1064 2347 1179 2374 essent
1203 2342 1309 2373 multo
1336 2340 1521 2382 ampliores

197 2383 284 2415 codd.
430 2395 494 2424 290
517 2386 602 2416 scito
629 2386 826 2417 Fleckeisen:
859 2386 929 2417 scio
955 2386 1042 2417 codd.
1195 2395 1258 2425 :297
1283 2385 1364 2416 illim
1396 2385 1519 2416 Bothe:

198 2427 244 2458 illi
262 2428 315 2458 uel
328 2427 418 2459 illinc
436 2428 525 2460 codd.
663 2440 726 2469 299
752 2440 827 2460 nam
846 2434 901 2460 aut
918 2429 1108 2460 Flcckct'scn:
1135 2434 1204 2460 tum
1222 2428 1310 2461 codd.
