1773 2750
704 119 973 158 PHORMIO
1445 119 1492 154 V.
1513 117 1559 153 ix

175 233 245 272 sed
265 232 332 283 qui
354 232 393 271 id
414 234 595 282 sperem?
627 231 754 270 aetate
774 243 889 280 porro
911 230 1039 267 minus
1061 230 1312 279 peccaturum
1333 230 1497 278 putem?

174 297 251 336 iam
273 305 355 336 tum
377 305 457 336 erat
478 296 606 343 senex,
629 302 810 334 senectus
832 295 863 333 si
883 293 1130 332 uerecund6s
1151 292 1254 331 facit.

174 363 224 401 an
258 376 345 401 mea
378 363 502 400 forma
535 368 653 411 atque
685 360 792 399 aetas
827 358 949 409 magis
984 371 1090 397 nunc
1123 357 1391 408 expetendast,
1422 355 1498 396 De·
1517 372 1556 406 35

391 425 526 477 mipho
542 427 559 463 ?

66 507 151 544 1025
175 493 270 542 quid
300 491 353 530 mi
382 491 447 530 hic
479 491 617 537 adfers,
644 502 761 540 quam
794 489 846 527 ob
878 501 958 527 rem
993 494 1215 539 exspectem
1249 493 1317 525 aut
1345 486 1497 538 sperem

389 568 504 606 porro
525 555 605 593 nori
626 555 736 593 fore?

173 623 269 660 ΡΗ
309 620 512 671 exsequias
545 619 745 660 Chremeti
777 619 919 669 quibus
954 625 1012 659 est
1046 617 1303 656 commodum
1339 616 1402 663 ire,
1435 630 1498 655 em

388 685 542 736 tempus
563 693 631 724 est.

173 752 228 790 sl'c
248 751 377 790 dabo:
406 764 477 801 age
499 764 615 797 nunc,
640 748 920 788 Phermionem
943 749 1010 799 qui
1030 749 1136 787 uolet
1157 746 1338 786 lacessito
1357 762 1364 786 :

172 816 260 854 faxo
281 814 347 854 tali
367 816 415 854 sit
437 822 628 854 mactatus
650 813 863 853 infortunio
883 814 1000 864 atque
1021 813 1084 852 hic
1105 820 1172 852 est.

172 883 270 919 DE.

173 947 267 984 ΡΗ
300 947 432 985 redeat
454 959 547 984 sane
568 946 607 984 in
628 945 789 996 gratiam
810 945 887 983 iam
905 959 912 982 ε
943 943 1109 994 supplici
1131 944 1221 982 satis
1243 946 1299 983 est
1322 943 1427 982 mihi.
1517 957 1559 988 40

69 1022 156 1057 1030
174 1011 294 1049 habet
314 1012 411 1050 haec
432 1015 468 1050 e'1'
489 1012 608 1062 quod,
631 1012 726 1049 dum
747 1010 865 1057 uiuat,
889 1012 1014 1060 iisque
1034 1011 1084 1048 ad
1105 1023 1238 1048 aurem
1260 1008 1483 1060 obganniat.

174 1077 269 1114 NA.
302 1076 340 1114 ait
361 1089 450 1114 meo
473 1075 611 1114 merito
632 1075 761 1114 credo.
821 1074 917 1125 quid
944 1087 1016 1124 ego
1044 1077 1149 1112 nunc
1176 1087 1496 1121 commemorem,

391 1141 602 1191 Demipho,

173 1206 408 1256 singulatim,
433 1206 557 1256 qualis
587 1220 659 1257 ego
688 1205 728 1244 in
759 1207 864 1245 hunc
894 1205 1065 1244 fuerim?
1118 1206 1217 1243 DE.
1250 1204 1344 1244 noui
1373 1218 1499 1255 aeque

388 1270 521 1309 omnia

173 1335 315 1373 tecum.
373 1337 469 1374 NA.
502 1335 640 1374 merito
665 1337 741 1374 hoc
768 1336 857 1374 meo'
885 1335 1039 1374 uidetur
1066 1336 1244 1373 factum?
1299 1336 1399 1373 DE.
1431 1334 1499 1372 mi-

388 1415 507 1440 nume
528 1401 715 1451 gentium.

175 1465 310 1504 uerum
332 1465 409 1504 iam
431 1467 591 1516 quando
612 1466 836 1505 accusando
857 1466 938 1504 fieri
960 1465 1147 1505 infectum
1169 1467 1248 1504 non
1271 1473 1410 1515 potest,
1516 1475 1558 1506 45

67 1543 152 1579 1035
174 1531 356 1580 ignosce:
387 1539 470 1570 orat
490 1532 699 1570 confitetur
719 1531 877 1582 purgat:
909 1531 1004 1581 quid
1025 1531 1083 1569 uis
1104 1531 1302 1580 amplius?

174 1598 268 1634 ΡΗ
300 1596 404 1635 enim
426 1611 520 1635 uero
541 1597 646 1647 prius
674 1610 792 1647 quam
819 1596 917 1635 haec
946 1597 1013 1635 dat
1041 1595 1208 1642 ueniam,
1233 1596 1327 1633 mihi
1354 1595 1500 1646 prospi-

389 1662 489 1701 ciam
510 1670 548 1700 et
569 1662 795 1701 Phaedriae.

174 1727 271 1765 heus
294 1727 548 1774 Nausistrata,
572 1728 663 1765 huic
690 1727 795 1777 prius
825 1740 942 1777 quam
973 1727 1187 1776 respondes
1215 1733 1371 1773 temere,
1393 1727 1497 1765 audi.

387 1794 483 1830 NA.
515 1792 610 1842 quid
632 1793 718 1830 est?

173 1857 267 1894 ΡΗ.
299 1870 371 1906 ego
393 1856 517 1895 minas
539 1856 693 1907 triginta
713 1856 762 1894 ab
784 1856 850 1894 illo
871 1870 939 1906 per
959 1856 1149 1894 fallaciam
1170 1856 1312 1894 abstuli
1330 1870 1337 1894 z

174 1921 238 1959 eas
259 1921 351 1960 dedi
373 1929 440 1961 tuo
460 1924 601 1972 gnato:
632 1922 662 1960 is
683 1935 753 1971 pro
774 1935 843 1960 sua
862 1923 989 1960 amica
1009 1922 1142 1960 lenoni
1161 1921 1280 1960 dedit.
1517 1935 1560 1968 50

67 1995 156 2029 1040
180 1987 268 2025 CH.
300 1987 402 2034 hem,
422 1986 517 2036 quid
537 1988 625 2024 ais?
679 1988 775 2024 NA.
806 1987 960 2025 adeone
980 1985 1185 2035 indignum
1207 1987 1282 2024 hoc
1303 1985 1372 2024 tibi
1394 1985 1499 2025 uide-

390 2059 460 2098 tur,
484 2051 587 2089 filius

222 2165 302 2185 1022
326 2155 383 2194 qui
402 2155 434 2186 id
451 2155 623 2186 Fleckeisen
639 2167 644 2186 :
671 2156 727 2195 qui
744 2156 857 2187 CDP:
881 2157 960 2196 quid
977 2160 1039 2187 cest.
1181 2166 1261 2194 1024
1286 2156 1393 2195 magis
1411 2165 1499 2186 nunc

175 2197 326 2237 Bentley:
366 2209 454 2229 nunc
487 2201 593 2238 magis
626 2199 712 2231 codd.
896 2201 978 2230 1028
1006 2200 1190 2230 infortunio
1225 2205 1325 2238 atque
1360 2199 1413 2229 hic
1449 2203 1500 2229 est

176 2241 349 2272 Fleckeisen
365 2253 371 2272 :
397 2248 497 2282 atque
515 2243 569 2273 hic
586 2247 638 2273 est
656 2243 841 2274 infortunio
855 2243 943 2274 codd.
1035 2243 1189 2273 lammam
1209 2243 1324 2273 slalm'l
1338 2241 1501 2272 Dzz'atzko

176 2284 369 2316 huiusmodi
386 2287 530 2325 formae,
557 2287 649 2317 mitte
679 2297 754 2317 eum
792 2288 961 2317 animum:
1006 2287 1104 2317 nimis
1134 2287 1217 2316 irata
1249 2297 1285 2317 cs
1319 2286 1352 2316 in
1379 2286 1498 2325 uirum,

178 2327 390 2359 Nausistrata
536 2340 616 2370 1037
640 2330 810 2361 Flecka'sen
827 2342 833 2361 :
857 2331 950 2370 prius
968 2341 1065 2369 quam
1083 2330 1161 2360 huic
1178 2329 1265 2360 codd.
1419 2330 1501 2367 1038

179 2371 351 2402 Fleckeism
367 2384 374 2403 :
398 2383 458 2412 per
474 2373 635 2404 fallaciam
653 2374 693 2404 ab
711 2374 768 2404 illo
786 2374 891 2415 (illoc)
911 2373 998 2404 codd.

217 2460 290 2481 TER.
310 2461 417 2483 Prion.
1376 2452 1415 2482 14
