1773 2750
142 133 190 169 V.

151 240 198 278 iii

178 590 195 622 5

152 919 190 941 10

150 1200 195 1238 iv

151 1882 187 1904 10

211 132 256 170 iii
633 133 672 170 P.
706 133 958 170 TERENTI
989 133 1122 170 AFRI

354 245 602 281 PYTHIAS
713 243 986 282 CHREMES
1096 245 1401 282 SOPHRONA

212 320 300 357 ΡΥ.
334 319 453 368 Quid,
477 319 572 369 quid
593 318 726 357 uenire
746 318 786 357 in
807 318 980 358 mentem
1001 332 1107 358 nunc
1127 320 1249 370 possit
1269 319 1376 368 mihi,

212 383 307 434 quid
328 384 430 431 nz'tm,
453 383 520 434 qui
540 384 703 422 referam
725 383 912 434 szicrilego
933 383 986 422 illi
1006 384 1179 434 gretiam,

212 448 279 498 qui
299 449 405 486 hunc
425 448 646 499 supposiuit
666 447 811 487 nobis?
872 449 962 487 CH.
994 462 1111 488 moue
1132 457 1169 488 te
1190 462 1259 488 oro
1280 448 1399 497 ocius,

214 525 301 551 mea
321 512 459 551 nutrix.
519 513 598 552 SO.
632 526 787 552 moueo.
851 513 941 551 CH.
974 514 1102 560 uideo,
1127 514 1196 552 sed
1216 513 1270 551 nil
1290 513 1511 563 promoues.

213 579 301 616 ΡΥ.
333 578 463 616 iamne
485 577 691 616 ostendisti
714 578 823 627 signa
844 576 1014 616 nutrici?
1072 579 1162 617 CH.
1194 576 1336 616 o‘mnia.

212 643 301 680 ΡΥ.
331 642 486 689 amaibo,
509 641 605 692 quid
625 643 707 680 ait?
738 642 1023 692 c6gnoscitne?
1080 643 1171 681 CH.
1202 656 1247 681 ac
1269 641 1502 681 memoriter.

211 709 299 746 ΡΥ.
330 707 453 758 probe
474 707 615 757 edepol
638 720 768 746 narras
782 722 792 755 ,-
824 721 916 746 nam
938 707 991 745 illi
1012 708 1126 746 faueo
1147 706 1297 757 uirgini.

210 771 262 811 ite
283 773 383 812 intro
400 787 406 810 :
436 772 514 810 iarn
535 773 688 811 dudum
709 771 774 810 era
794 785 866 811 uos
887 772 1085 823 exspectat
1105 771 1282 811 domi.—

209 836 337 875 uirum
358 837 509 876 bonurn
530 850 668 875 eccum
691 836 979 875 Peirmenonem
1000 835 1183 875 incedere

209 901 327 940 uideo
347 917 353 940 :
384 901 475 941 uide
495 909 538 940 ut
559 901 708 940 otiosus
730 901 757 939 it
775 904 781 939 1
812 901 843 940 si
864 902 924 940 dis
945 903 1083 952 placet,

209 967 323 1018 spero
344 980 406 1006 me
427 966 581 1014 habere,
606 966 674 1018 qui
695 967 802 1008 hrinc
824 980 914 1006 meo
935 965 1154 1005 excruciem
1176 967 1308 1006 modo.

209 1031 276 1070 ibo
297 1032 409 1079 intro,
432 1032 482 1071 de
502 1031 727 1082 cognitione
749 1039 791 1070 ut
812 1034 961 1071 certum
983 1031 1127 1071 sciam:

210 1103 299 1147 post
319 1095 434 1136 exibo
454 1104 573 1148 atque
593 1097 700 1136 hunc
721 1096 945 1147 perterrebo
966 1097 1206 1148 szicrilegum.

561 1204 836 1241 PARMENO
948 1204 1194 1241 Pvrnms

211 1281 299 1318 ΡΑ.
333 1280 481 1318 Reuiso
502 1278 598 1329 quid
618 1292 710 1316 nam
733 1278 909 1318 Chaerea
929 1278 993 1317 hic
1014 1281 1141 1318 rerum
1161 1286 1278 1329 gerat.

209 1345 318 1395 quod
339 1344 370 1383 si
389 1344 475 1383 {istu
496 1357 578 1382 rem
599 1343 790 1391 tracta'tuit,
813 1343 854 1382 di
875 1344 1047 1383 uostraim
1069 1345 1200 1391 fidem,

209 1417 396 1460 quantam
418 1409 455 1448 et
476 1422 595 1459 quam
617 1422 750 1448 ueram
772 1410 930 1448 laudem
952 1409 1079 1459 capiet
1101 1410 1318 1448 Parmeno!

209 1488 300 1514 nam
321 1482 364 1513 ut
384 1476 547 1521 mittam,
571 1475 680 1524 quod
701 1478 736 1513 e‘1'
756 1475 931 1513 amorem
952 1474 1238 1513 difficillumum
1262 1472 1332 1527 [et]

210 1541 478 1587 carissumum‚
500 1553 523 1578 a
543 1541 745 1578 meretrice
765 1553 882 1578 auara
902 1539 1093 1590 uirginem

210 1618 289 1656 quo
309 1604 477 1651 temnebat,
500 1617 591 1642 eum
612 1603 765 1643 confe'ci
786 1604 870 1643 sine
891 1604 1080 1652 molestia,

208 1670 292 1709 sine
313 1672 483 1720 sumptu,
507 1669 591 1708 sine
611 1668 845 1719 dispendio:
876 1677 959 1708 tum
981 1671 1057 1708 hoc
1076 1670 1252 1715 alterum,

208 1735 248 1775 id
269 1734 400 1774 ue'rost
420 1735 529 1785 quod
550 1748 623 1784 ego
644 1734 740 1772 mihi
761 1742 858 1784 puto
879 1734 1122 1785 palmdriunu

209 1813 271 1839 me
291 1799 517 1850 repperisse,
541 1799 621 1849 quo
645 1799 767 1838 modo
787 1799 1107 1839 adulescentulus

208 1865 456 1904 meretricum
476 1863 633 1914 ingenia
655 1871 693 1902 et
714 1865 843 1904 mores
863 1873 996 1918 posset
1017 1865 1190 1912 noscere,

208 1932 357 1969 mature
378 1937 420 1968 ut
441 1943 562 1980 quom
586 1930 764 1980 cognorit
785 1938 976 1981 perpetuo
997 1930 1132 1970 oderit.

207 2010 308 2046 quae
329 1997 424 2035 dum
445 1996 536 2035 foris
558 2005 659 2045 sunt,
683 1999 737 2036 nil
758 1997 914 2037 uidetur
933 1997 1130 2044 mundius,

208 2075 281 2100 nec
302 2060 423 2111 maigis
444 2062 710 2111 compositum
733 2063 945 2112 quicquam
968 2075 1041 2100 nec
1061 2061 1183 2111 magis
1204 2060 1360 2111 elegans

208 2140 326 2178 quam
347 2129 438 2165 cum
459 2135 634 2166 amatore
656 2127 794 2166 ce‘nam
816 2140 938 2177 quom
958 2125 1171 2179 ligurriunt.

250 2236 313 2265 912
337 2225 528 2266 supposiuit
569 2225 722 2265 Bentley:
769 2225 950 2264 supposuit
988 2223 1076 2255 codd.
1193 2234 1289 2255 moue
1315 2249 1322 2256 .
1349 2247 1356 2255 .
1385 2249 1391 2256 .
1418 2224 1533 2254 nutrix

208 2269 400 2302 Fleckeisen:
428 2280 526 2300 moue
557 2279 616 2300 oro
643 2269 735 2300 ocius
765 2273 797 2299 te
824 2278 898 2299 mea
930 2269 1045 2299 nutrix
1070 2267 1125 2300 A:
1151 2278 1249 2298 moue
1276 2278 1357 2298 uero
1383 2268 1476 2299 ocius
1500 2273 1534 2298 te

209 2314 323 2344 nutrix
347 2316 371 2345 Σ
526 2314 589 2352 928
614 2323 680 2352 quo
711 2312 844 2343 amabat
875 2322 952 2343 eum
977 2311 1129 2351 Bentley:
1169 2322 1266 2351 quam
1298 2311 1429 2342 amabat
1460 2321 1533 2342 eam

208 2356 295 2388 codd.
316 2368 323 2387 z
338 2357 418 2397 sort.
439 2367 539 2396 quem
553 2357 684 2387 amabat
697 2366 772 2387 eum
788 2367 795 2386 :
819 2355 949 2387 omissis
960 2366 1055 2386 uersu
1066 2365 1128 2395 927
1140 2358 1169 2385 et
1179 2357 1190 2395 ,ζ
1192 2366 1268 2386 cum
1279 2354 1350 2386 edd.
1358 2355 1533 2396 plerisque)

209 2405 331 2442 etpost
347 2401 588 2432 difficillumum
709 2401 775 2439 936
799 2399 972 2430 Fleckeisen
988 2410 993 2431 :
1019 2409 1106 2439 quae
1123 2409 1197 2430 curn
1214 2404 1363 2430 amatore
1379 2409 1442 2430 suo
1459 2409 1533 2430 cum

211 2449 334 2476 cenant
351 2445 531 2484 ligurriunt
548 2443 635 2475 codd.
654 2456 658 2475 :
686 2454 819 2474 uersum
836 2443 902 2474 secl.
918 2446 994 2484 post
1010 2443 1190 2474 Bentleium
1207 2443 1277 2474 edd.
1294 2443 1439 2484 plerique

1558 324 1627 359 910

1560 646 1624 682 915

1559 1430 1625 1466 925

1557 1746 1627 1782 930

1555 2077 1620 2112 935
