1773 2750
753 102 1052 141 EVNVCHVS
1485 109 1558 146 III.
1581 109 1624 146 iii

245 212 312 251 ubi
332 211 432 258 ueni,
455 224 625 258 causam,
647 218 689 249 ut
709 210 763 249 ibi
784 224 993 258 manerem,
1017 212 1181 262 repperit
1199 229 1204 251 :

245 276 298 315 ait
317 276 398 314 rem
418 275 593 314 diuinam
614 275 752 313 fe'eisse
773 282 810 313 et
830 288 910 314 rem
932 275 1070 314 se'riam

246 341 346 378 uelle
365 340 477 389 agere
498 352 664 378 mecum.
724 338 802 377 izin]
823 347 906 378 tum
928 347 1007 378 erat
1028 340 1198 390 suspicio
1215 340 1222 352 “

160 414 224 451 515
245 404 338 441 doles
358 404 462 441 malo
482 403 579 441 haec
599 402 681 440 fieri
702 402 844 441 dmnia.
903 403 986 453 ipsa
1005 404 1243 443 adetimbere

244 469 411 513 mectirn,
434 466 529 504 mihi
549 479 633 504 sese
654 466 757 513 dare,
781 480 1002 505 sermonem
1022 469 1216 516 quaerere.
1587 477 1626 499 ¹0

242 531 310 569 ubi
329 532 450 581 friget,
472 532 550 570 huc
570 531 704 577 euasit,
728 544 845 580 quam
867 531 1018 581 pride‘m
1038 540 1146 581 pater

242 595 338 633 mihi
358 603 395 634 et
415 596 537 634 mater
557 595 700 633 mortui
722 595 862 634 essent.
922 596 1022 643 dico,
1045 596 1122 634 iam
1143 597 1221 635 diu.

241 674 304 699 rus
325 660 480 711 ecquod
500 660 596 700 Suni
616 660 801 699 haberem
823 669 860 699 et
881 674 999 710 quam
1020 662 1134 711 longe
1154 662 1176 699 a
1196 662 1301 701 mari.

155 739 223 776 520
241 727 359 764 credo
380 727 416 765 ei
433 727 586 776 placere
607 727 683 764 hoe
703 741 709 763 z
741 726 867 776 sperat
888 739 929 764 se
949 739 971 764 a
992 740 1055 764 me
1074 726 1251 766 auellere.

240 790 448 840 postremo,
471 803 596 840 ecqua
616 790 708 829 inde
730 791 849 840 parua
869 791 1043 841 periisset
1064 805 1195 839 sor0r5
1585 808 1620 839 ¹5

239 856 372 905 ecquis
393 868 483 893 eum
503 868 550 893 ea
569 868 646 894 una
663 870 673 903 3
704 857 799 904 quid
820 855 1030 902 habuisset,
1054 856 1174 906 qudm
1195 856 1293 906 perit
1310 871 1321 906 3

238 921 372 970 ecquis
392 934 479 958 eam
499 928 631 970 posset
652 921 824 959 ndscere.
883 921 980 958 haec
1001 934 1099 970 quor
1118 920 1336 970 quaeritet?

238 984 312 1023 nisi
333 984 364 1023 si
385 987 448 1023 illa
467 987 565 1024 forte
585 999 686 1035 quae
707 985 800 1023 6lim
822 984 933 1035 periit
953 986 1113 1035 paruola

152 1062 215 1099 525
237 1063 355 1097 soror,
377 1049 480 1089 hane
499 1063 540 1088 se
560 1050 728 1089 intendit
749 1049 845 1097 esse,
867 1050 923 1088 uti
943 1058 1000 1088 est
1020 1050 1194 1090 audacia.

237 1127 372 1152 uerum
393 1113 438 1153 e'a
458 1114 489 1152 si
510 1114 618 1161 uiuit,
641 1115 764 1153 dunos
786 1122 912 1153 natast
933 1114 1116 1161 sedecim,
1581 1142 1621 1164 20

235 1192 315 1217 non
336 1178 480 1218 maior:
510 1181 631 1218 Thais
647 1179 766 1229 quam
788 1192 860 1230 ego
881 1193 966 1218 sum
989 1179 1248 1218 maiiisculast.

236 1243 338 1281 misit
359 1257 473 1293 porro
494 1257 601 1282 orare
622 1246 664 1281 tit
686 1243 860 1282 uenirem
882 1243 991 1282 serio.

233 1315 299 1345 aut
320 1308 423 1345 dicat
443 1309 552 1357 quod
572 1308 655 1346 uolt
674 1310 740 1345 asit
762 1309 925 1346 molesta
946 1307 995 1345 ne'
1016 1307 1086 1346 siet
1103 1323 1109 1345 :

149 1383 216 1420 530
234 1384 314 1408 non
335 1370 464 1409 hercle
484 1371 640 1410 ueniam
661 1371 785 1410 tertio.
845 1373 942 1409 heus
963 1372 1071 1418 heus,
1094 1370 1227 1421 ecquis
1247 1371 1343 1410 hic?

233 1448 306 1484 ego
326 1438 412 1473 Stim
433 1437 633 1480 Chremes.
691 1437 780 1474 ΡΥ.
814 1449 838 1474 0
859 1436 1073 1485 capitulum
1094 1436 1391 1486 lepidissumum
1412 1440 1419 1475 ἔ
1578 1463 1615 1494 25

233 1500 324 1538 CH.
356 1500 446 1539 dieo
473 1500 545 1550 ego
566 1500 619 1538 mi
639 1500 799 1539 insidias
819 1501 934 1539 fieri?
989 1503 1031 1539 Ρ
1040 1503 1077 1540 Y.
1109 1503 1230 1539 Thais
1251 1502 1436 1540 maxumo

232 1570 269 1601 te
289 1564 424 1602 orabat
444 1577 561 1614 opere
581 1572 623 1602 ut
643 1564 726 1603 erzis
747 1564 900 1603 redires.
961 1566 1051 1603 CH.
1084 1567 1147 1603 rtis
1163 1578 1221 1603 eo.

231 1629 319 1666 ΡΥ.
350 1630 410 1667 fae
438 1630 591 1668 amabo.
653 1631 743 1668 CH.
775 1643 855 1668 non
886 1643 1059 1680 possum,
1096 1632 1267 1680 inquam.
1325 1632 1413 1669 ΡΥ.
1444 1639 1483 1669 at
1512 1639 1553 1670 tu

443 1695 549 1743 apud
569 1708 641 1733 nos
662 1696 725 1732 hic
746 1708 871 1742 mane,

145 1766 208 1803 535
230 1758 325 1796 dum
339 1757 471 1797 re'deat
484 1759 576 1808 ipsa.
637 1761 727 1798 CH.
750 1760 957 1798 nilminus.
1016 1762 1104 1798 PY.
1136 1774 1244 1810 quor,
1261 1762 1314 1798 mi
1335 1763 1553 1800 Chremes?

231 1822 320 1860 CH.
354 1823 495 1860 malam
516 1837 598 1861 rem
618 1823 711 1861 hinc
731 1823 834 1862 ibis?
889 1826 977 1862 ΡΥ.
1019 1824 1050 1862 si
1071 1826 1169 1863 istuc
1190 1825 1242 1863 ita
1262 1827 1447 1863 certt'tmst
1469 1825 1549 1872 tibi,
1573 1837 1613 1868 30

226 1886 369 1924 amabo
390 1894 431 1924 ut
452 1886 542 1924 illuc
563 1887 734 1925 transeas
755 1887 823 1926 ubi
843 1887 953 1926 illast.
1015 1889 1105 1927 CH.
1138 1902 1196 1926 eo.

226 1951 313 1988 ΡΥ.
345 1951 420 1998 abi,
445 1951 596 1998 Ddrias,
619 1951 697 1990 cito
718 1953 824 1990 ht'mc
844 1954 997 1991 deduce
1017 1955 1067 1991 ad
1089 1953 1262 1992 militem.

751 2064 1012 2100 ANTIPHO
1567 2067 1613 2104 iv

224 2143 319 2180 AN.
353 2142 451 2180 Heri
472 2142 632 2191 aliquod
652 2142 935 2181 adulescentuli
957 2139 1122 2182 coiimus
1143 2144 1181 2181 in
1206 2143 1342 2182 Piraeo

140 2215 207 2250 540
226 2205 263 2243 in
285 2207 390 2244 hiinc
411 2206 526 2253 diem,
550 2214 592 2244 ut
613 2208 662 2245 de
683 2208 870 2258 sffmbolis
892 2207 1075 2246 essemus
1137 2210 1352 2247 Chaeream
1374 2210 1410 2246 ei
1430 2209 1482 2247 rei

266 2319 328 2358 ¹519
352 2309 524 2340 Fleckeisen
556 2321 630 2340 cum
663 2310 751 2342 DG:
791 2311 931 2342 habeam
965 2316 1027 2343 cett.
1179 2322 1242 2351 539
1279 2312 1420 2342 coiimus
1452 2312 1544 2344 ΒΓ-’ς

223 2362 349 2383 ςοιιῃιιε
365 2357 428 2384 cell.
