1773 2750
150 126 218 162 IV.

180 509 223 540 40

183 1026 224 1058 45

241 126 287 162 iv
668 126 707 163 P,
741 124 993 161 TERENTI
1026 124 1156 161 AFRI

245 235 370 274 credis
400 235 491 274 huic
521 236 629 286 quod
660 235 793 273 dicat?
849 235 937 271 ΡΥ.
970 233 1065 283 quid
1095 233 1155 271 isti
1187 233 1374 272 credam?
1403 247 1461 272 res
1491 233 1573 284 ipsa
1593 246 1657 283 705

460 301 617 338 indicat.

245 367 338 404 ΡΗ
371 366 547 404 concede
563 364 667 403 istim
684 365 762 403 huc
777 364 980 414 patilulum
997 379 1004 404 τ
1035 362 1154 402 audin
1169 365 1186 401 ?
1215 363 1331 401 etiam
1347 364 1549 413 pauluhirn
1567 379 1574 401 ι

461 438 519 469 sat
539 437 607 469 est.

243 496 309 534 dic
329 497 425 534 dum
446 497 522 534 hoc
543 508 695 534 rursum
712 510 720 535 z
750 493 928 534 Chaerea
948 501 1057 532 tuam
1078 493 1229 532 uestem
1249 495 1415 533 detraxit
1433 494 1535 532 tibi?

242 562 339 600 Do.
363 560 521 599 factum.
579 561 673 598 ΡΗ
697 566 736 598 et
756 566 880 598 eamst
899 559 1091 598 indiitus?
1145 560 1242 598 Do.
1265 560 1423 598 facturn.
1477 561 1571 597 ΡΗ

459 632 497 664 et
517 625 588 675 pro
609 633 647 664 te
667 626 746 663 huc
765 625 1007 664 deducttist?
1061 625 1159 663 Do.
1190 624 1253 662 ita.

242 692 336 730 ΡΗ
370 691 548 742 hippiter
567 704 719 740 magne,
738 690 763 729 ό
778 690 987 729 scelestum
1003 695 1122 739 atque
1137 690 1329 728 addacem
1345 689 1548 728 hominem
1566 691 1573 727 1

457 757 547 794 ΡΥ.
579 754 652 794 uae
673 754 793 793 mihi:

244 820 363 858 etiam
383 833 464 859 non
484 819 620 859 credes
641 819 812 869 indignis
832 819 905 858 nos
925 831 1010 857 esse
1031 818 1168 857 inrisas
1188 818 1347 858 modis?
1594 824 1662 859 710

243 886 337 923 ΡΗ
385 886 527 923 mirum
565 883 606 922 ni
643 890 686 922 tu
725 882 851 921 cre'dis
885 883 994 932 quod
1028 882 1100 921 iste
1138 884 1253 922 dicat.
1327 883 1424 933 quid
1461 896 1573 934 agam

460 948 604 987 ne'scio.

244 1016 342 1053 hetis
363 1021 506 1065 negato
525 1016 689 1052 riirsum.
749 1025 964 1062 possumne
984 1011 1058 1062 e'go
1077 1013 1199 1051 hodie
1219 1026 1266 1051 ex
1285 1020 1324 1051 te
1344 1015 1549 1064 excfilpere

246 1079 412 1118 ue'rum?
441 1078 626 1117 uidistine
646 1079 803 1116 fratrem
824 1075 1073 1116 Chae'ream?
1118 1078 1214 1116 DO.
1238 1091 1329 1116 non.
1379 1079 1473 1116 ΡΗ
1496 1079 1576 1116 non

460 1150 590 1193 potest

246 1209 330 1247 sine
350 1209 455 1246 malo
475 1207 595 1254 fateri,
611 1206 730 1246 uideo
746 1221 753 1246 ε
784 1204 948 1256 sequere
962 1206 1048 1244 hac.
1098 1207 1221 1245 modo
1235 1210 1290 1245 a'1't
1309 1207 1432 1245 modo
1447 1215 1573 1257 negat.

245 1274 312 1312 ora
346 1286 420 1312 me.
488 1273 585 1312 DO.
617 1271 784 1310 obsecro
814 1278 853 1309 te
886 1283 992 1318 uero,
1028 1270 1232 1309 Phaedria.
1303 1273 1397 1310 ΡΗ
1428 1270 1442 1309 i
1474 1271 1576 1310 intro
1595 1278 1660 1316 715

460 1336 659 1376 minciam.

244 1404 340 1443 DO.
374 1404 460 1442 oie'i.
519 1404 613 1441 ΡΗ
644 1401 722 1441 alio
745 1401 862 1452 pzicto
882 1401 1048 1440 honeste
1075 1401 1168 1439 hinc
1188 1402 1269 1451 quo
1288 1402 1411 1440 modo
1436 1401 1577 1440 abeam

460 1481 606 1506 nesmo.

187 1550 201 1580 ς
245 1533 425 1580 actumst,
448 1532 644 1582 siquidem
665 1534 707 1570 tii
728 1545 792 1570 me
812 1531 876 1570 hic
897 1531 1026 1579 etiam,
1048 1530 1206 1578 nebulo,
1229 1531 1492 1569 ludificabere.
1507 1554 1560 1559 --

246 1599 334 1636 ΡΥ.
368 1598 624 1636 Parmenonis
656 1597 735 1635 tarn
771 1597 852 1636 scio
887 1610 971 1635 esse
1005 1598 1107 1635 hanc
1136 1595 1335 1635 techinam
1365 1609 1483 1646 quam
1513 1610 1577 1640 me

463 1676 606 1702 umere.

247 1730 385 1769 DOR.
409 1730 464 1767 sic
485 1736 553 1768 est.
612 1729 700 1768 ΡΥ.
723 1727 923 1767 inueniam
944 1728 1011 1778 pol
1026 1726 1157 1774 hodie,
1175 1726 1309 1777 parem
1325 1726 1393 1765 ubi
1413 1728 1575 1766 referam

462 1793 636 1843 gratiam.

248 1858 318 1898 se'd
339 1872 445 1897 nunc
465 1858 561 1909 quid
587 1857 817 1897 facifindum
844 1870 992 1905 censes,
1017 1856 1187 1896 D6rias?
1241 1858 1378 1896 DOR.
1411 1858 1462 1896 de
1481 1856 1576 1896 istac
1596 1869 1665 1905 720

463 1936 574 1973 rogas

249 1988 427 2038 uirgine?
482 1989 572 2026 ΡΥ.
603 1987 666 2035 ita,
684 1994 814 2026 utrum
835 1986 1112 2037 prae'dicemne
1131 2000 1180 2025 an
1201 1986 1382 2025 taceam?
1436 1987 1575 2026 DOR.

465 2058 507 2090 tu
526 2053 604 2102 pol,
627 2053 659 2090 si
679 2051 792 2101 sapis,

295 2157 359 2196 706
376 2156 466 2187 istim
477 2156 542 2186 huc
556 2154 735 2185 Dziatzko:
754 2155 841 2185 istuc
852 2154 940 2185 codd.
1034 2154 1136 2185 etiarn
1147 2154 1319 2195 paululum
1336 2154 1574 2196 Umpfenbach:

250 2202 350 2232 etiam
383 2209 474 2230 nunc
505 2199 676 2238 paululum
708 2197 824 2229 codd.:
863 2199 963 2229 etiam
995 2207 1083 2228 nunc
1115 2199 1249 2238 paulum
1279 2198 1364 2238 uolg.
1514 2208 1579 2237 710

251 2245 370 2275 credes
398 2242 519 2273 Bothe:
560 2242 672 2273 credis
697 2241 787 2272 codd.
935 2251 993 2280 711
1021 2242 1130 2272 credis
1160 2241 1197 2273 G.
1226 2241 1417 2273 Fabricius:
1458 2242 1578 2273 credas

251 2287 339 2318 codd.
499 2287 562 2324 716
595 2296 662 2324 quo
691 2285 792 2316 modo
835 2284 914 2316 hinc
945 2284 1033 2316 codd.
1053 2297 1059 2316 :
1098 2289 1222 2325 ἵναπερ.
1261 2285 1363 2316 Bothe
1517 2286 1580 2324 718

252 2331 421 2361 techinam
439 2329 585 2360 Ritsclzl:
618 2329 786 2367 technam,
806 2329 954 2365 tehnam,
974 2333 1109 2368 tegnam
1126 2328 1215 2360 codd,
1349 2338 1407 2367 721
1434 2334 1579 2360 taceam-

254 2385 296 2404 ne
314 2385 355 2404 an
374 2373 566 2413 praedicem
583 2372 690 2403 codd.:
721 2376 844 2412 transp.
864 2371 997 2412 Bentley
