1773 2750
123 133 169 168 V.
192 132 238 168 iv
618 131 658 167 P.
691 129 943 167 TERENTI
974 130 1106 166 AFRI

133 254 172 286 35
193 244 280 281 ΡΑ.
314 243 409 292 quid
448 244 533 280 ais?
589 242 677 279 ΡΥ.
710 254 816 280 nunc
855 240 1023 280 minatur
1061 255 1177 292 porro
1217 240 1301 280 se‘se
1339 241 1379 281 id
1414 244 1522 293 quod

410 307 587 346 moechis
608 308 706 345 solet
727 321 732 344 :

193 372 302 422 qu6d
323 384 396 422 ego
420 384 639 421 numquam
667 370 750 410 uidi
778 370 860 410 fieri
887 370 1016 422 neque
1043 370 1175 410 uelim.
1232 373 1320 410 ΡΑ.
1353 385 1431 422 qua
1459 386 1523 411 au-

409 435 523 474 dacia

193 500 346 540 tantum
367 500 518 540 facinus
539 501 691 540 audet?
745 502 835 539 ΡΥ.
867 500 964 551 quid
990 500 1044 540 ita
1069 500 1296 541 ‘tantum'P
1350 503 1439 541 ΡΑ.
1470 516 1521 541 an

407 579 490 605 non
511 567 589 605 hoc
609 565 904 605 maxumumst?

192 632 279 682 qu1's
300 633 422 670 homo
442 644 513 682 pro
534 632 704 670 moecho
725 633 915 681 umquam
935 631 1036 670 uidit
1056 633 1096 670 1'n
1116 633 1238 671 domo
1259 632 1477 671 meretricia
1540 635 1609 679 960

191 696 331 748 prendi
347 698 619 747 quemquam?
674 697 764 735 ΡΥ.
796 695 940 735 neseio.
999 698 1087 735 ΡΑ.
1119 704 1158 735 at
1171 710 1221 736 ne
1234 698 1311 736 hoc
1325 696 1518 745 nesciatis,

408 761 591 812 Pythias:

128 845 170 876 40
191 827 292 874 dieo,
319 826 434 865 edico
464 825 579 864 uobis
608 833 787 865 nostrum
817 839 901 865 esse
932 827 1040 864 illum
1071 826 1204 865 erilem
1234 827 1370 865 filium.
1429 829 1518 866 ΡΥ.

407 893 509 938 hem,

190 957 367 1004 6bsecr0,
390 969 440 994 an
461 955 492 994 is
513 958 603 995 est?
659 957 747 994 ΡΑ.
780 954 830 994 ne'
851 967 970 1005 quam
992 955 1031 994 in
1053 955 1162 994 illum
1183 956 1306 995 Thais
1330 956 1411 995 uim
1438 958 1522 997 fieri

406 1020 531 1059 sinat!

189 1087 308 1138 atque
335 1088 436 1126 adeo
460 1093 593 1125 autem
617 1086 717 1136 quor
743 1099 825 1125 non
852 1093 1009 1135 egomet
1036 1087 1138 1125 intro
1162 1088 1240 1126 eo?
1295 1088 1383 1125 ΡΥ.
1414 1087 1517 1135 uide,

406 1150 611 1206 Parmeno,

190 1218 285 1268 quid
302 1230 402 1267 agas
419 1229 469 1255 ne
485 1228 615 1266 neque
636 1215 690 1254 ssli
711 1214 836 1265 prosis
853 1214 891 1253 et
906 1222 948 1253 tu
968 1228 1104 1266 pereas
1119 1230 1130 1264 3
1158 1229 1250 1254 nam
1271 1218 1347 1256 hoc
1367 1225 1518 1268 putant,
1540 1217 1604 1262 965

189 1281 385 1333 quidquid
424 1282 608 1319 factumst
647 1279 694 1319 ex
731 1287 771 1319 te
814 1293 900 1319 esse
943 1287 1084 1319 ortum.
1152 1283 1242 1320 ΡΑ.
1273 1283 1369 1332 quid
1407 1283 1522 1334 igitur

405 1346 546 1385 faciam
567 1345 714 1384 miser?

128 1422 169 1456 45
190 1413 339 1464 quidue
359 1411 575 1462 incipiam?
604 1424 697 1450 eece
717 1412 850 1450 autem
871 1410 991 1450 uideo
1011 1413 1099 1450 nire
1118 1411 1351 1451 redeuntem
1372 1426 1518 1452 senem.

189 1479 319 1517 dicam
335 1476 428 1516 huie
443 1490 494 1515 an
510 1489 591 1516 non
610 1476 732 1514 dicam
748 1477 765 1515 ?
794 1475 924 1515 dicam
941 1477 1072 1516 hercle
1089 1491 1099 1525 3
1129 1476 1201 1516 etsi
1218 1477 1314 1516 mihi
1334 1481 1519 1529 magnum

406 1543 553 1581 malum

190 1611 272 1649 scio
284 1615 462 1660 paratum
477 1623 487 1655 3
517 1606 587 1646 se'd
603 1614 812 1655 necessest,
828 1608 920 1646 huic
933 1614 976 1646 ut
989 1607 1234 1647 subueniam.
1293 1611 1382 1648 ΡΥ.
1405 1610 1518 1661 sapis.

190 1675 263 1725 ego
283 1674 384 1713 abeo
405 1673 530 1711 intro:
561 1674 603 1710 tu
623 1671 686 1710 isti
708 1685 819 1711 narra
839 1685 958 1711 omne
980 1672 1118 1712 ordine
1139 1681 1181 1712 ut
1201 1675 1347 1713 factum
1369 1674 1450 1714 siet.
1540 1688 1608 1724 970

140 1798 170 1823 v
336 1787 552 1841 [DEMEA
600 1801 669 1827 seu
718 1787 990 1842 LACHEs?]
1103 1791 1379 1829 PARMENo

190 1878 275 1916 SE.
307 1878 368 1915 Ex
387 1875 477 1915 meo
498 1876 722 1927 propinquo
743 1878 829 1915 rure
851 1878 928 1916 hoc
948 1876 1063 1928 capio
1083 1877 1285 1917 commodi
1305 1893 1312 1917 :

190 1955 321 1992 neque
341 1942 421 1991 agri
440 1954 570 1991 neque
591 1941 698 1980 urbis
719 1941 857 1981 <fidium
878 1956 941 1982 me
962 1956 1151 1994 umquam
1171 1942 1346 1994 percipit.

190 2007 258 2045 ubi
279 2006 394 2045 satias
415 2005 546 2057 coepit
567 2006 662 2054 fieri,
689 2008 893 2046 commuto
914 2009 1056 2047 locum.

190 2072 260 2110 sed
281 2079 391 2111 estne
412 2073 476 2111 ssle
497 2078 630 2111 noster
653 2071 881 2111 Parmeno?
911 2080 950 2112 et
970 2080 1074 2113 certe
1094 2075 1201 2124 ipsus
1221 2081 1290 2113 est.

154 2153 171 2185 5
191 2151 310 2188 quem
332 2136 578 2187 praestolare,
603 2136 809 2184 Parmeno,
831 2137 896 2176 hic
916 2144 1007 2177 ante
1027 2138 1171 2178 ostium
1187 2141 1205 2178 ?
1540 2146 1605 2183 975

191 2205 279 2242 ΡΑ.
311 2202 398 2253 quis
419 2203 612 2241 h0m6st?
641 2203 767 2249 ehem,
791 2204 943 2242 saluom
963 2210 1002 2243 te
1022 2203 1219 2251 aduenire,
1243 2218 1316 2252 ere,
1339 2207 1503 2256 gaudeo.

192 2269 275 2307 SE.
308 2281 427 2318 quem
449 2266 717 2318 praestolare?
772 2268 858 2306 ΡΑ.
891 2266 1011 2318 pe'rii:
1040 2268 1172 2318 lingua
1191 2269 1325 2308 haeret
1345 2278 1464 2309 metu.

237 2373 301 2412 968
326 2372 434 2403 dicam
458 2371 600 2402 alterum
623 2371 683 2403 ins.
709 2370 840 2411 Bentley
999 2383 1064 2412 970
1087 2383 1187 2404 omne
1210 2374 1329 2404 ordine
1354 2373 1520 2408 Faernus:

196 2426 329 2447 omnem
346 2416 500 2446 ordinem
517 2414 605 2446 codd.
615 2415 695 2454 sort.
717 2418 792 2446 recte
