1773 2750
767 112 1035 150 PHORMIO
1506 110 1552 146 V.
1573 108 1587 144 i

737 275 972 324 ACTVS
1019 274 1066 321 V

555 378 858 415 SOPHRONA
964 375 1234 413 CHREMES
1571 365 1585 403 i

236 465 316 505 So.
348 464 456 513 Quid
479 464 622 513 agam?
650 475 768 512 quem
794 460 847 499 mi
870 461 1041 498 amicum
1068 458 1267 498 inueniam
1295 458 1461 497 misera?
1490 464 1556 496 aut

448 540 528 578 quo
549 526 711 566 consilia
730 527 828 564 haec
848 526 1040 564 referam?

234 596 301 632 atit
321 593 426 631 unde
445 591 630 630 auxilitim
651 592 812 641 petam?

149 673 218 710 730
235 658 326 697 nz'tm
355 669 501 703 uereor,
532 669 597 694 era
629 669 679 694 ne
708 655 760 694 ob
790 668 922 693 meum
952 667 1109 693 suasum
1137 652 1298 703 indigna
1326 651 1464 691 iniuria
1492 652 1556 691 ad-

446 720 619 759 ficiatur:

232 787 284 824 ita
304 793 452 836 patrem
473 784 735 824 adulescontis
756 785 857 823 facta
877 784 973 822 haec
995 783 1157 822 tolerare
1178 782 1296 821 audio
1317 782 1517 821 uiolenter.

233 850 324 889 CH.
355 850 447 888 naim
481 863 581 900 quae
613 850 710 888 haec
747 862 845 887 anus
884 855 952 895 est,
989 847 1208 886 oxanimata
1243 860 1266 885 a
1304 847 1416 885 fratre
1455 860 1554 897 quae
1574 860 1592 892 5

446 914 634 965 egressdst
654 915 772 953 meo?

233 981 312 1019 SO.
345 981 452 1030 quod
483 988 525 1018 ut
554 979 721 1018 fzicerem
752 986 901 1029 egestas
932 991 995 1017 me
1023 977 1171 1029 inpulit,
1195 990 1315 1028 quom
1344 978 1480 1016 scirem
1502 976 1554 1015 in-

448 1045 576 1083 firmas
597 1043 752 1094 miptias

234 1111 350 1148 hasce
371 1108 466 1156 esse,
491 1118 532 1148 ut
553 1109 592 1148 id
613 1109 870 1154 consfilerem,
894 1107 1040 1146 interea
1061 1108 1141 1145 uita
1161 1114 1203 1145 ut
1225 1106 1265 1144 in
1285 1107 1370 1145 tuto
1390 1108 1498 1145 foret.

147 1183 210 1219 735
234 1172 328 1213 CH.
360 1174 464 1213 corte
497 1175 650 1225 edepol,
683 1173 757 1212 nisi
792 1187 854 1212 me
887 1172 1040 1211 animus
1074 1172 1170 1210 fallit
1207 1174 1273 1210 alit
1304 1185 1440 1222 parum
1472 1185 1555 1221 pro-

445 1239 614 1290 spiciunt
635 1239 750 1286 oculi,

231 1303 340 1344 meae'
362 1303 552 1342 nutricem
576 1307 716 1354 gnatae
743 1303 871 1342 uideo.
930 1304 1010 1342 SO.
1042 1302 1171 1352 ne'que
1198 1302 1262 1340 ille
1288 1301 1550 1351 inuestigzitun

448 1370 537 1408 CH.
566 1368 661 1418 quid
681 1370 784 1418 ago?

230 1435 309 1473 SO.
343 1433 409 1484 qui
431 1433 513 1471 e'ius
534 1440 641 1483 pater
662 1439 730 1471 est.
791 1433 881 1471 CH.
913 1431 1025 1478 Adeo,
1049 1445 1200 1478 maneo,
1220 1432 1315 1470 dum
1337 1430 1433 1469 haeic
1453 1444 1553 1480 quae
1576 1443 1613 1466 10

443 1497 614 1547 loquitur
634 1496 755 1547 maigis
775 1498 1002 1546 cognosco?

230 1564 310 1603 SO.
341 1563 450 1613 qu6d
471 1562 502 1601 si
523 1576 614 1601 eum
635 1575 740 1600 nunc
761 1563 925 1612 reperire
945 1561 1104 1612 possim,
1127 1569 1185 1601 est
1205 1563 1259 1600 nil
1279 1562 1387 1612 quod
1408 1575 1551 1600 uerear.

445 1629 535 1667 CH.
568 1628 651 1678 ipsa
671 1634 775 1666 east:

229 1693 455 1744 c6nloquar.
514 1693 593 1732 SO.
626 1692 713 1743 quis
734 1692 797 1730 hic
817 1692 1017 1742 loquitur?
1074 1693 1166 1732 CH.
1195 1693 1410 1743 Sophrona.
1469 1693 1549 1731 50.

443 1758 481 1797 &t
502 1771 634 1797 meum
654 1771 800 1797 nomen
820 1758 1028 1797 nominat?

145 1837 211 1872 740
231 1824 322 1863 CH.
355 1822 502 1875 rospice
522 1824 573 1862 ad
594 1837 668 1862 me.
727 1824 808 1862 SO.
839 1822 879 1861 di
901 1823 1064 1862 obsecro
1085 1836 1167 1869 uos,
1186 1821 1294 1861 &stne
1315 1821 1378 1860 hic
1399 1821 1552 1872 Stilpo?

443 1890 535 1928 CH.
566 1889 658 1927 non,
717 1889 796 1927 SO.
829 1889 976 1938 negas?

228 1954 319 1992 CH.
335 1954 510 1993 concede
524 1953 616 1992 hinc
628 1966 650 1991 a
663 1952 809 1992 foribus
823 1953 983 2003 paulum
998 1951 1179 1991 istorsum
1194 1953 1320 1998 sodes,
1331 1952 1545 2002 Sdphrona.

227 2032 276 2057 ne
304 2032 366 2058 me
396 2020 493 2058 istoc
522 2018 683 2058 nomine
709 2017 935 2069 zippellassis
964 2018 1139 2069 posthac.
1199 2018 1279 2057 SO.
1311 2016 1435 2067 quid?
1468 2031 1547 2056 non
1570 2030 1607 2062 15

441 2083 604 2123 obsecro
625 2098 666 2122 es

274 2198 332 2226 737
358 2187 549 2220 Fleckeisen:
577 2193 628 2219 est
656 2188 727 2219 eius
752 2193 848 2228 pater
874 2188 925 2220 nel
948 2193 998 2219 est
1024 2192 1121 2226 pater
1146 2185 1218 2217 eius
1246 2185 1333 2215 codd.
1487 2185 1547 2222 738

227 2230 399 2262 Fleckeisen
417 2242 424 2261 z
449 2231 531 2262 nihil
548 2237 600 2262 est
617 2232 669 2262 uel
682 2232 724 2263 sit
739 2235 769 2262 et
783 2243 822 2263 ea
839 2236 891 2263 est
908 2233 981 2270 ipsa
997 2231 1050 2262 nel
1059 2241 1098 2262 ea
1115 2231 1188 2270 ipsa
1206 2233 1257 2259 est
1275 2227 1360 2258 coda:
1486 2237 1546 2264 742

227 2283 270 2303 ne
287 2284 338 2304 me
356 2274 439 2305 istoc
462 2275 601 2314 posthac
617 2274 703 2306 codd.
722 2286 728 2305 :
761 2278 885 2315 transp.
910 2274 1015 2306 Barth
1031 2284 1177 2304 caesurae
1195 2282 1305 2303 causa.
1355 2273 1492 2301 celerum
1511 2281 1546 2301 es

226 2316 367 2389 olgsecro
384 2316 436 2347 uel
450 2317 477 2349 is
489 2317 629 2349 obsecro
645 2317 732 2349 codd.
751 2328 758 2348 :
785 2317 870 2349 unde
881 2317 1054 2350 Fleckeisen
1071 2318 1191 2349 omisso
1205 2316 1286 2356 quid
1304 2316 1423 2356 reponit
1440 2325 1504 2345 non
1519 2315 1547 2345 is

226 2369 245 2389 o
271 2368 366 2389 secro
383 2368 420 2390 es

1403 2438 1463 2469 13*
