1773 2750
162 106 207 142 V.
230 116 259 141 v
644 107 684 143 P.
717 105 969 142 TERENTI
1000 105 1132 142 AFRI

231 219 263 257 S
273 219 312 256 Y.
343 225 457 257 recte.
516 219 615 257 DE.
648 218 856 268 6ptumest.
914 217 990 255 iam
1021 219 1126 255 nunc
1156 217 1253 254 haec
1286 215 1357 254 tria
1386 214 1555 266 primum

443 283 580 322 addidi

229 348 380 398 praeter
400 355 579 386 naturam
597 363 604 386 :
637 351 645 367 ‘
659 361 683 386 o
704 347 846 394 n6ster,
869 346 966 397 quid
988 347 1058 385 fit?
1087 347 1184 396 quid
1203 343 1376 396 agitur?’
1576 345 1640 390 885

193 422 210 454 5
229 425 384 452 Seruom
406 414 513 451 haud
532 412 775 451 inliberalem
797 411 960 462 praebes
981 418 1019 449 te
1040 410 1077 449 et
1098 410 1168 448 tibi

210 477 370 520 ‚lubens
391 478 493 516 bene
513 477 642 516 faxim.
703 477 780 516 SV.
803 476 965 527 gratiam
988 476 1127 514 habeo.
1187 476 1286 513 DE.
1309 474 1428 524 atqui,
1451 474 1555 524 Syre,

227 544 304 581 hoc
324 542 498 582 uerumst
519 550 557 581 et
577 542 661 593 ipsa
681 555 722 581 re
743 541 938 593 experiere
959 540 1199 592 prdpediem.

164 660 210 697 Vi
672 664 823 702 GETA
917 665 1116 701 DEMEA

232 740 322 779 GE.
355 741 442 787 Era,
465 752 538 790 ego
559 740 637 778 huc
657 740 708 778 ad
728 740 800 777 hos
821 739 980 789 prouiso
1001 751 1120 788 quarn
1141 750 1233 775 mox
1253 735 1443 786 uirginem

224 804 435 843 accersant.
495 805 564 842 sed
585 816 720 842 eccum
746 802 949 842 Demeam.
1009 802 1138 840 saluds
1158 802 1244 839 sies.
1575 810 1644 854 890

225 869 321 908 DE.
366 883 389 907 o
421 870 488 919 qui
520 870 692 908 uocare?
759 869 848 908 GE.
885 868 995 907 Geta.
1074 868 1172 905 DE.
1211 868 1323 914 Geta,
1351 865 1555 905 hominem

441 933 614 972 maxumi
1480 938 1483 939 ’

226 1002 324 1051 preti
345 1009 383 1040 te
403 1014 488 1040 esse
508 1000 628 1039 hodie
648 999 821 1039 iudicaui
840 999 974 1038 animc')
995 1012 1084 1037 meo
1100 1013 1110 1046 ;

190 1081 208 1113 5
227 1080 319 1105 nam
339 1066 371 1104 is
392 1065 488 1104 mihi
508 1067 721 1116 profectost
743 1065 877 1104 seruos
898 1067 1095 1115 spectatus
1116 1063 1208 1102 satis

226 1132 321 1183 quoi
341 1131 526 1172 d6minus
548 1139 711 1179 curaest,
734 1132 788 1170 ita
807 1131 861 1170 uti
884 1130 954 1169 tibi
975 1131 1090 1177 sensi,
1113 1131 1225 1176 Geta,

224 1205 263 1237 et
283 1197 353 1236 tibi
374 1198 426 1236 ob
447 1211 534 1236 eam
555 1211 648 1245 rem,
671 1199 702 1236 si
723 1197 819 1247 quid
839 1210 932 1235 usus
952 1197 1113 1244 uenerit,
1576 1197 1641 1241 895

225 1263 365 1302 lubens
386 1263 489 1302 bene
509 1263 637 1301 faxim.
698 1262 867 1302 meditor
887 1275 973 1301 esse
993 1262 1174 1301 adfabilis

225 1336 263 1367 et
283 1328 386 1367 bene
406 1328 594 1379 procedit.
659 1329 750 1367 GE.
783 1328 912 1367 bdnus
933 1341 985 1375 es,
1001 1341 1123 1378 quom
1140 1329 1238 1366 haee
1251 1327 1471 1366 existumas.

168 1408 206 1430 10
225 1395 324 1432 DE.
361 1393 549 1444 paulatim
569 1393 726 1444 plebem
749 1394 960 1444 primulum
982 1392 1083 1432 faci6
1104 1406 1243 1431 meam.

147 1516 207 1553 vii
335 1516 662 1552 Aescnvas
751 1515 950 1552 DEMEA
1040 1515 1216 1553 SYRvs
1300 1514 1449 1552 GETA

225 1592 318 1630 AE.
357 1591 558 1630 Occidunt
580 1603 643 1629 me
665 1590 862 1640 equidem,
887 1591 983 1629 dum
1006 1590 1122 1629 nimis
1144 1597 1296 1629 sanctas
1318 1588 1474 1640 nuptias

226 1657 386 1695 student
406 1656 533 1695 facere
550 1671 556 1694 :
586 1655 626 1694 in
645 1656 875 1706 adpara'mdo
896 1659 1135 1695 consumunt
1155 1655 1272 1695 diem.
1573 1660 1644 1696 900

227 1723 324 1760 DE.
357 1721 453 1772 quid
479 1721 614 1771 agitur,
644 1721 873 1760 Aeschine?
938 1723 1031 1760 AE.
1065 1722 1191 1769 ehem,
1213 1728 1323 1771 pater
1343 1719 1407 1767 mi,
1430 1727 1471 1758 tu
1492 1719 1555 1757 hic

442 1799 526 1825 eras
539 1788 556 1824 ?

228 1854 323 1890 DE.
356 1859 445 1890 tuos
465 1851 597 1890 hercle
620 1866 715 1891 uero
737 1860 774 1891 et
797 1852 929 1891 animo
950 1860 988 1892 et
1008 1853 1147 1891 natura
1166 1860 1286 1903 pater,

190 1932 206 1963 5
226 1918 293 1968 qui
309 1917 347 1956 te
359 1924 465 1956 amat
494 1919 581 1967 plus
599 1931 720 1968 quam
741 1919 862 1957 hosce
879 1919 1026 1957 doulos.
1087 1919 1156 1957 sed
1177 1931 1276 1969 quor
1289 1918 1370 1956 n6n
1390 1917 1555 1956 domum

225 1984 386 2022 uxdrem
406 1982 602 2021 accersis?
658 1985 751 2021 AE.
784 1984 903 2034 cupio
917 1999 927 2031 3
956 1997 1094 2023 uerum
1110 1985 1187 2023 hoc
1208 1983 1304 2022 mihi
1325 1990 1504 2029 moraest,

224 2047 386 2087 tibicina
406 2055 443 2086 et
464 2048 727 2097 hymenaeum
748 2048 816 2098 qui
837 2049 1006 2087 cantent.
1065 2050 1164 2087 DE.
1196 2050 1284 2096 eho,
1574 2059 1639 2096 905

224 2113 291 2152 uin
312 2121 353 2151 tu
370 2114 463 2151 huic
483 2113 566 2152 seni
583 2114 832 2152 auscultare?
886 2115 978 2152 AE.
1012 2114 1138 2165 quid?
1193 2115 1291 2153 DE.
1324 2113 1442 2152 missa
1457 2112 1555 2152 haec

440 2180 536 2226 face,

224 2244 487 2294 hymenaeum
508 2244 641 2282 turbas
662 2244 864 2295 lampades
885 2244 1080 2292 tibicinas,

268 2349 332 2379 888
355 2347 428 2378 Al:
453 2348 611 2388 experire
629 2347 661 2377 A
767 2348 831 2387 893
856 2348 1026 2387 praesecto
1044 2347 1076 2378 A
1183 2349 1248 2389 899
1272 2349 1428 2388 equidem
1446 2348 1558 2389 scripsi

224 2402 299 2422 cum
316 2392 348 2422 Α
366 2403 372 2422 z
397 2392 533 2431 quidem
551 2395 575 2422 Σ
693 2393 758 2431 906
784 2391 886 2422 istaec
905 2392 936 2422 A
953 2403 958 2422 z
986 2393 1067 2422 istec
1085 2391 1131 2422 D·
1149 2391 1177 2422 G
1291 2403 1355 2432 907
1381 2392 1555 2433 lampades

224 2435 352 2476 scn'psi:
378 2435 551 2474 lampedes
567 2435 599 2465 Α
616 2446 620 2466 ;
648 2434 818 2474 lampadas
836 2439 859 2466 Σ
