1773 2750
176 118 220 156 C.
239 117 482 155 SVETONI
504 117 859 165 TRANQVILLI
876 117 1013 153 VITA
1035 118 1074 153 P.
1092 117 1345 155 TERENTI
1367 119 1499 155 AFRI

176 232 248 265 quo
274 221 423 255 consule
444 218 771 266 <Megalens>ibus
794 218 888 253 ludis
907 219 1050 253 initium
1068 219 1275 253 fabularum
1294 220 1501 254 dandarum

174 278 311 321 fecerit,
330 279 390 312 uel
417 279 462 323 Q.
483 278 599 312 Fabio
626 278 799 312 Labeone
825 284 860 311 et
887 278 937 311 M.
958 276 1124 321 Popillio,
1144 278 1325 311 consulari
1346 284 1500 322 utroque

175 346 217 369 ac
243 342 362 380 poeta.
420 335 503 369 ideo
529 334 649 380 ipsum
675 346 748 369 non
776 334 926 368 iuuenes
951 334 1146 377 designare
1172 334 1234 379 qui
1261 346 1300 369 se
1326 335 1501 369 adiuuare

175 393 355 436 dicantur,
376 393 440 427 sed
461 392 558 427 uiros
584 403 737 437 quorum
763 403 914 436 operam
932 398 968 426 et
995 391 1031 425 in
1057 392 1153 426 bello
1175 398 1210 426 et
1238 391 1273 426 in
1300 392 1376 426 otio
1402 399 1437 426 et
1465 393 1501 426 in

176 451 323 495 negotio
349 451 505 495 populus
531 450 576 484 sit
601 456 781 495 expertus.
831 457 913 494 post
939 450 1059 484 editas
1085 449 1310 493 comoedias,
1337 450 1501 484 nondum

175 509 341 553 quintum
379 514 489 553 atque
523 508 739 542 uicesimum
775 507 961 551 ingressus
999 519 1149 549 annum,
1180 519 1291 542 causa
1329 508 1503 542 uitandae

176 566 358 611 opinionis
385 577 456 611 qua
481 566 677 600 uidebatur
701 565 822 599 aliena
848 577 913 610 pro
941 566 1016 600 suis
1043 565 1162 607 edere,
1186 577 1250 601 seu
1275 565 1502 610 percipiendi

176 626 402 659 Graecorum
430 624 595 659 instituta
620 635 813 668 moresque
839 635 930 668 quos
956 635 1029 657 non
1053 623 1207 668 perinde
1230 623 1447 668 exprimeret
1466 624 1502 657 in

175 683 329 727 scriptis,
348 695 517 727 egressus
535 684 624 717 urbe
641 689 697 718 est
722 693 840 727 neque
864 682 1020 727 amplius
1046 681 1163 718 rediit.
1212 682 1258 716 de
1284 690 1401 716 morte
1427 682 1503 717 eius

174 741 362 776 Volcatius
381 741 434 775 sic
451 740 561 776 tradit
577 752 584 775 :

268 817 341 851 Sed
368 822 406 850 ut
431 816 518 850 Afer
543 815 678 860 populo
705 826 767 849 sex
793 815 894 849 dedit
920 815 1144 857 comoedias,

270 873 335 907 iter
361 873 444 907 hinc
470 872 505 906 in
532 872 661 907 Asiam
687 872 783 906 fecit.
834 878 871 906 ut
898 883 1033 906 nauem
1060 874 1174 907 semel

267 930 493 974 conscendit,
521 930 619 965 uisus
645 942 848 975 numquam
873 937 952 965 est:
991 931 1043 965 sic
1069 930 1146 965 uita
1173 937 1290 965 uacat.

175 1014 219 1057 Q.
247 1010 448 1046 Cosconius
478 1011 692 1045 redeuntem
722 1022 741 1045 e
774 1010 932 1045 Graecia
958 1012 1096 1055 perisse
1124 1011 1160 1045 in
1187 1011 1278 1046 mari
1306 1011 1393 1046 dicit
1419 1023 1501 1046 cum

171 1070 306 1104 sabulis
331 1069 517 1103 conuersis
543 1080 565 1102 a
593 1068 823 1102 Menandro:
852 1068 961 1102 ceteri
984 1076 1168 1102 mortuum
1189 1081 1270 1103 esse
1289 1069 1326 1103 in
1345 1070 1504 1104 Arcadia

173 1127 251 1161 siue
290 1126 496 1161 Leucadiae
539 1127 700 1168 tradunt,
738 1127 804 1162 Cn.
844 1126 1016 1161 Cornelio
1056 1127 1251 1161 Dolabella
1285 1128 1336 1161 M.
1373 1127 1502 1162 Fuluio

175 1185 367 1219 Nobiliore
401 1184 624 1227 consulibus,
661 1185 789 1218 morbo
824 1184 1040 1228 implicitum
1075 1197 1119 1218 ex
1152 1185 1278 1219 dolore
1305 1197 1349 1220 ac
1379 1185 1504 1220 taedio

172 1243 393 1277 amissarum
412 1243 638 1277 sarcinarum
656 1254 747 1287 quas
767 1242 803 1276 in
823 1254 916 1277 naue
934 1242 1185 1287 praemiserat,
1205 1255 1247 1278 ac
1267 1243 1375 1277 simul
1400 1244 1505 1278 sabu-

172 1301 290 1335 larum
333 1312 424 1345 quas
466 1312 582 1334 nouas
622 1300 769 1335 fecerat.
818 1300 930 1334 fuisse
972 1300 1105 1334 dicitur
1140 1300 1315 1335 mediocri
1354 1307 1504 1343 statura,

171 1359 297 1402 gracili
323 1370 491 1403 corpore,
518 1359 639 1392 colore
664 1359 777 1392 fusco.
838 1358 984 1403 reliquit
1010 1358 1132 1401 filiam,
1160 1370 1255 1403 quae
1281 1365 1363 1403 post
1389 1359 1503 1404 equiti

174 1419 343 1451 Romano
361 1416 505 1460 nupsit:
532 1416 618 1450 item
636 1416 800 1450 hortulos
818 1428 863 1449 xx
882 1416 1046 1460 iugerum
1066 1417 1125 1450 uia
1143 1418 1265 1461 Appia
1285 1418 1333 1451 ad
1360 1418 1504 1453 Martis.

171 1486 242 1519 quo
280 1475 398 1518 magis
428 1474 540 1508 miror
574 1474 744 1508 Porcium
774 1474 956 1509 scribere:
996 1474 1146 1519 ‘Scipio
1174 1475 1264 1508 nihil
1294 1475 1327 1509 ei
1358 1475 1504 1520 profuit,

171 1533 263 1567 nihil
283 1533 440 1574 Laelius,
460 1532 551 1566 nihil
572 1531 725 1566 Furius:
750 1543 877 1566 eorum
897 1532 955 1566 ille
975 1544 1086 1577 opera
1111 1545 1157 1567 ne
1180 1534 1332 1567 domum
1354 1533 1502 1578 quidem

171 1590 299 1625 habuit
318 1590 610 1625 conducticiam.’
659 1591 756 1625 hunc
776 1590 951 1625 Afranius
977 1591 1127 1635 quidem
1153 1592 1325 1626 omnibus
1352 1592 1503 1627 comicis

171 1649 339 1694 praefert,
358 1649 521 1682 scribens
540 1648 576 1682 in
596 1649 863 1692 Compitalibus
879 1661 887 1683 :

393 1722 544 1757 Terenti
570 1734 642 1757 non
669 1722 900 1757 consimilem
928 1723 1031 1757 dicas
1055 1723 1280 1768 quempiam.

171 1802 360 1836 Volcatius
382 1809 504 1836 autem
531 1813 605 1836 non
632 1803 750 1837 solum
777 1802 923 1837 Naeuio
949 1809 985 1837 et
1014 1804 1144 1838 Plauto
1169 1810 1205 1838 et
1234 1804 1406 1847 Caecilio,
1438 1806 1502 1840 sed

172 1859 311 1895 Licinio
330 1872 472 1906 quoque
490 1867 525 1895 et
544 1860 657 1895 Atilio
671 1860 870 1905 postponit.
922 1860 1053 1895 Cicero
1076 1861 1112 1895 in
1140 1862 1295 1897 Limone
1321 1863 1501 1898 hactenus

170 1919 316 1952 laudat:

263 1994 321 2027 Tu
347 2004 503 2038 quoque,
530 1992 591 2038 qui
617 1993 716 2027 solus
743 1993 838 2027 lecto
864 2004 1046 2035 sermone,
1073 1994 1234 2037 Terenti,

264 2061 484 2085 conuersum
508 2060 798 2095 expressumque
825 2051 939 2086 latina
965 2063 1057 2086 uoce
1086 2053 1335 2087 Menandrum

265 2108 301 2142 in
328 2108 491 2143 medium
516 2109 625 2143 nobis
651 2108 791 2143 sedatis
817 2109 976 2144 motibus
1001 2110 1119 2151 effers,

262 2166 439 2211 quiddam
466 2177 571 2202 come
597 2168 750 2212 loquens
777 2173 887 2212 atque
914 2168 1040 2202 omnia
1065 2168 1187 2203 dulcia
1212 2169 1384 2205 miscens.

169 2241 256 2276 item
276 2242 319 2276 C.
338 2242 476 2276 Caesar
494 2254 500 2276 :

263 2317 320 2350 Tu
346 2327 502 2361 quoque,
529 2322 568 2351 tu
594 2316 630 2350 in
657 2316 824 2360 summis,
850 2328 872 2351 o
899 2316 1090 2352 dimidiate
1118 2319 1337 2362 Menander,

262 2374 420 2418 poneris,
446 2381 481 2409 et
508 2374 650 2419 merito,
677 2375 756 2420 puri
783 2375 963 2410 sermonis
990 2382 1143 2411 amator.
