1773 2750
692 135 1002 172 ADELPHOE
1431 135 1509 172 111.
1531 135 1561 171 ii

186 247 261 285 iam
283 248 451 297 primum
467 246 576 285 illum
592 245 720 284 alieno
733 244 866 282 zinimo
881 257 904 282 a
919 244 1035 282 nobis
1061 244 1145 282 esse
1161 257 1220 282 res
1236 243 1320 294 ipsa
1339 244 1495 283 indicat.
1531 258 1574 288 40

187 326 292 351 nunc
313 312 343 350 si
365 313 440 351 hoc
460 312 588 362 palam
609 308 851 361 proferimus,
869 308 933 347 ille
954 308 1097 346 infitias
1118 308 1200 355 ibit,
1223 309 1280 347 szit
1301 308 1405 347 scio:

100 390 170 424 340
187 384 254 415 tua
274 378 376 415 fc'tma
399 384 437 415 et
463 383 602 426 gnatae
621 376 702 414 uita
725 374 764 412 in
788 373 955 413 dubium
976 373 1117 412 ue'niet.
1177 380 1260 412 tum
1282 373 1312 412 si
1334 373 1514 413 maixume

187 442 359 489 fateatur,
383 455 503 492 quom
524 447 628 479 amet
648 440 775 486 ailiam,
798 452 879 478 non
895 446 954 477 est
974 439 1067 478 mile
1088 440 1190 477 hanc
1211 438 1265 476 illi
1285 438 1377 478 dari.

185 507 421 557 quapropter
450 519 611 556 quoquo
641 505 758 556 pcicto
787 504 942 543 tacitost
975 505 1084 555 opus.
1142 504 1221 543 ΞΟ.
1255 504 1317 550 ah,
1340 503 1515 543 minume

397 570 594 621 gentium:

186 648 265 674 non
292 635 442 674 fdciam.
505 634 594 673 GE.
626 634 721 684 quid
750 635 870 683 ages?
927 634 1006 673 SO.
1039 634 1243 684 proferam.
1302 634 1384 673 CA.
1408 634 1510 681 hem,
1530 647 1571 680 45

399 713 486 739 mea
505 700 687 747 Sostrata,
709 699 801 738 uide
821 698 940 749 quaim
960 712 1042 738 rem
1061 712 1163 749 agas.

186 767 264 805 SO.
306 765 437 815 peiore
464 778 523 804 res
547 765 636 804 loco
665 777 746 803 non
774 764 876 815 potis
905 771 964 803 est
988 763 1072 803 esse
1099 777 1217 814 quam
1242 763 1281 802 in
1306 776 1386 814 quo
1410 765 1515 803 minc

401 829 519 868 sitast.

101 907 166 944 345
186 894 355 945 primum
376 895 588 934 indotatast
604 909 612 941 ;
642 896 724 932 tiim
741 901 949 944 praeterea,
969 893 1069 944 quae
1085 894 1259 932 secunda
1278 893 1313 932 ei
1333 894 1405 932 d6s
1422 900 1514 941 erat,

185 959 298 1009 periit
314 974 321 997 z
350 972 421 1009 pro
435 959 582 1009 uirgine
596 958 678 997 dari
692 966 858 1008 nuptum
876 959 955 997 non
972 965 1111 1008 potest.
1175 959 1251 997 hoc
1268 958 1491 997 relicuomst
1508 973 1515 996 ε

186 1024 218 1063 si
238 1023 380 1063 infitias
402 1024 483 1071 ibit,
507 1024 613 1063 testis
635 1036 791 1062 mecum
811 1030 870 1062 est
889 1024 1029 1062 anulus
1050 1037 1168 1074 quem
1188 1024 1380 1062 amiserat.

186 1089 385 1140 postremo
416 1090 576 1139 quando
603 1102 675 1139 ego
702 1088 861 1128 conscia
887 1088 982 1127 mihi
1014 1102 1101 1127 sum
1121 1090 1144 1127 έ.
1164 1101 1227 1127 me
1253 1090 1409 1139 culpam
1430 1101 1515 1128 esse
1534 1100 1577 1132 50

400 1154 502 1192 haine
522 1155 657 1204 procul

187 1231 316 1269 neque
350 1218 517 1270 pretium
551 1232 681 1269 neque
714 1232 795 1258 rem
822 1219 942 1257 ullam
972 1218 1237 1258 intercessisse
1266 1219 1331 1257 illa
1356 1225 1423 1257 aut
1452 1232 1516 1257 me

402 1283 613 1334 indignam,
638 1285 750 1331 Geta,

103 1361 171 1399 350
189 1347 370 1399 experiar.
435 1349 524 1388 GE.
557 1348 653 1399 quid
683 1348 798 1388 istic?
827 1347 927 1387 cedo
954 1354 996 1387 ut
1024 1347 1163 1387 melius
1193 1347 1301 1388 dicis.
1362 1349 1442 1388 SO.
1475 1354 1516 1387 tu

401 1416 591 1463 quantlim
613 1421 725 1464 potes

188 1477 252 1516 abi
272 1485 390 1529 atque
411 1477 585 1529 Hegioni
601 1479 770 1529 cognato
785 1477 868 1517 eius
888 1491 969 1517 rem
986 1477 1164 1517 e‘narrato
1179 1491 1340 1517 ornnem
1357 1477 1494 1517 ordine
1508 1492 1518 1526 3

189 1557 280 1582 nam
306 1543 337 1582 is
364 1544 498 1582 nostro
519 1543 669 1582 Simulo
689 1542 761 1582 fuit
781 1556 958 1582 summus
978 1545 1017 1582 e't
1040 1557 1112 1582 nos
1133 1543 1253 1582 coluit
1275 1544 1466 1583 mzixume.

195 1610 284 1648 GE.
317 1622 408 1647 narn
429 1610 559 1647 hercle
579 1608 676 1647 silius
703 1622 822 1648 nemo
848 1608 1004 1659 re'spicit
1024 1622 1107 1648 nos.
1168 1609 1246 1648 SO.
1278 1610 1443 1660 propera
1462 1616 1516 1657 tu,
1537 1622 1577 1656 55

404 1687 492 1712 mea
513 1675 720 1720 Canthara,

191 1740 323 1787 Curre,
360 1738 610 1778 obstetricem
640 1738 807 1787 accerse,
836 1746 878 1778 ut
907 1752 1028 1790 quom
1056 1752 1155 1790 opus
1184 1738 1233 1778 sit
1263 1753 1314 1778 ne
1343 1740 1382 1778 1'n
1409 1752 1519 1779 mora

403 1804 518 1843 nobis
538 1803 620 1842 siet.

234 1917 300 1948 339
323 1907 379 1939 ille
396 1917 461 1939 om.
476 1906 509 1936 A
574 1907 615 1938 ad
633 1907 704 1938 scio
717 1906 788 1939 A2:
814 1911 865 1938 sat
881 1917 947 1938 om.
961 1906 995 1938 A
1087 1916 1151 1946 344
1176 1907 1266 1947 potis
1282 1911 1334 1938 est
1348 1907 1496 1939 Fab‘rnus
1511 1919 1518 1939 :

191 1956 306 1991 potest
321 1950 410 1982 codd.
499 1950 596 1982 sitast
611 1951 663 1982 Α2
681 1962 687 1982 :
710 1951 793 1982 siest
808 1950 842 1981 A
956 1961 1019 1991 347
1043 1952 1201 1983 amiserat
1219 1951 1395 1982 BCFGP:
1419 1952 1517 1982 mise-

192 2000 243 2026 rat
267 1994 323 2025 A:
357 1994 517 2026 amiserat
537 1995 608 2034 ipse
627 1994 684 2026 D:
716 1995 789 2035 ipse
811 1995 970 2025 amiserat
994 1995 1028 2025 E
1179 2005 1244 2034 349
1267 1994 1358 2026 illam
1383 1999 1440 2026 aut
1465 2005 1518 2025 me

190 2038 372 2069 A²BCDE
383 2050 388 2069 z
415 2038 589 2069 illumaute
606 2038 639 2068 A
775 2047 840 2077 350
863 2039 947 2069 cedo
964 2037 1116 2078 Bentley:
1142 2038 1266 2070 accedo
1284 2038 1372 2069 codd.
1435 2038 1519 2070 dicis

190 2081 400 2114 Priscianus:
429 2082 521 2112 dicas
546 2080 635 2113 codd.
789 2090 849 2121 351
877 2081 1028 2113 ordinem
1052 2082 1086 2112 A
1258 2091 1321 2123 353
1346 2092 1422 2113 nam
1445 2082 1517 2113 A2':

192 2134 266 2156 cum
282 2124 316 2155 A
407 2125 565 2165 respiciet
581 2124 615 2156 A

1371 2447 1430 2479 19*
