1773 2750
159 105 189 142 I.
210 103 241 141 ii
636 105 675 142 P.
707 104 959 142 TERENTI
990 105 1122 142 AFRI

153 225 193 246 20
214 220 251 252 te
270 212 416 252 accersi
436 213 539 261 iussi,
562 215 747 253 ausctilta.
806 216 899 252 PH.
933 215 1009 252 fiat.
1072 215 1161 252 ΤΗ
1193 214 1257 252 dic
1278 213 1372 251 mihi
1558 225 1624 251 100

212 279 288 316 hoe
309 279 491 328 primum,
511 278 621 329 potin
642 286 700 317 est
720 279 783 316 hie
804 286 932 317 tacere
945 280 962 315 ?
1016 279 1103 316 PA.
1136 279 1265 327 egon?
1294 278 1465 327 optume.

211 355 348 380 uerum
369 343 466 380 hemis
487 349 539 389 tu,
563 344 636 381 hac
656 344 740 393 lege
761 343 831 381 tibi
853 355 981 381 meam
1001 341 1201 391 adstringes
1221 342 1339 380 fidem
1356 357 1363 381 ι

211 419 312 456 quae
332 406 424 445 uera
443 407 577 445 audiui
597 407 709 446 taiceo
729 415 768 446 et
788 406 974 445 contineo
995 406 1157 456 optume
1171 419 1181 453 3

211 470 270 508 sin
291 472 430 509 falsum
450 479 517 510 aut
537 485 684 510 uanum
704 478 771 509 aut
791 472 1002 518 finctumst‚
1025 470 1215 509 continu6
1231 471 1423 521 palamst:

152 546 191 577 25
211 536 349 584 plemis
370 535 553 574 rimarum
575 549 672 583 sum,
696 536 770 574 haic
789 543 907 585 atque
927 534 1014 574 illac
1034 534 1194 586 perfluo.
1558 542 1620 579 105

210 599 322 649 proin
344 602 399 648 ui,
420 599 537 638 taceri
559 601 590 637 si
614 599 684 646 uis,
707 613 799 638 uera
819 599 950 638 dicito.

214 665 303 701 TH.
336 664 431 702 mihi
453 664 575 702 meiter
595 663 726 702 Samia
746 663 817 702 mit
834 680 840 702 :
871 677 917 702 ea
936 663 1139 703 habitabat
1160 663 1305 703 Rhodi.

209 729 297 766 ΡΑ.
329 728 458 778 potest
479 728 597 766 taceri
618 729 704 766 hoc.
770 730 857 766 TH.
890 727 943 767 1'bi
963 735 1047 767 tum
1068 728 1181 767 matri
1200 729 1400 781 peiruolam

211 792 381 841 puellam
402 794 511 831 dono
531 794 692 842 quidam
714 793 904 831 mercator
923 792 1033 831 dedit

154 871 192 900 30
211 870 257 894 ex
278 847 409 895 Attica
429 856 521 895 hinc
541 856 755 908 abreptam.
815 859 909 895 PH.
940 856 1152 896 ciuemne?
1214 859 1301 895 TH.
1324 856 1487 896 zirbitror
1501 871 1512 904 3
1558 865 1622 890 110

211 923 359 958 certtim
380 934 461 959 non
483 920 627 959 scimus
644 936 651 959 :
682 920 813 959 matris
834 934 979 959 nomen
1000 921 1038 959 et
1058 920 1175 971 patris

210 985 366 1024 dice'bat
386 985 470 1036 ipsa
487 1001 493 1024 :
523 986 687 1036 paitriam
708 993 746 1025 et
766 986 875 1036 signa
895 986 1023 1025 cetera

210 1064 339 1100 neque
359 1051 484 1090 scibat
504 1064 634 1101 neque
654 1064 723 1101 per
742 1050 910 1089 aetatem
931 1051 1047 1089 etiam
1068 1050 1171 1102 potis
1191 1058 1282 1090 erat.

210 1115 401 1153 mercator
420 1116 497 1154 hoc
516 1116 689 1154 addebat
706 1131 712 1154 :
742 1130 764 1154 e
783 1115 1061 1166 praedonibus,

150 1192 188 1224 35
209 1180 315 1217 unde
336 1179 493 1227 emerat,
516 1193 558 1218 se
577 1181 733 1219 audisse
754 1180 956 1230 abreptam
977 1194 998 1219 e
1018 1179 1150 1219 Ssmio.
1558 1190 1620 1225 115

209 1242 331 1281 mate'r
352 1243 418 1282 ubi
438 1244 601 1294 accepit,
624 1244 755 1294 coepit
775 1244 949 1284 studiose
970 1244 1102 1283 omnia

208 1308 361 1355 docere,
386 1309 563 1356 educere,
589 1310 640 1347 ita
661 1309 716 1347 uti
738 1309 769 1347 si
791 1316 892 1348 esset
913 1309 1001 1347 filia.

209 1373 381 1411 sororem
401 1373 577 1424 plerique
598 1373 682 1413 esse
703 1374 915 1413 credebz'mt
936 1388 1075 1413 meam.

210 1451 282 1487 ego
303 1451 393 1476 cum
415 1440 493 1486 illo,
515 1452 687 1489 quocum
709 1447 791 1477 tum
813 1442 894 1477 (mo
914 1453 995 1478 rem
1015 1439 1213 1479 habebam
1232 1439 1399 1490 hospite,

149 1516 192 1546 40
209 1501 288 1540 abii
310 1503 387 1540 hdo
404 1517 410 1540 :
441 1502 508 1552 qui
530 1503 625 1541 mihi
647 1502 801 1553 reliquit
822 1505 920 1542 haec
940 1517 1041 1553 quae
1061 1504 1190 1543 habeo
1211 1503 1353 1543 omnia.
1558 1511 1623 1537 120

209 1568 296 1604 ΡΑ.
329 1569 540 1618 utnimque
577 1570 654 1606 hoc
698 1570 900 1608 falsumst2
946 1568 1098 1607 e'cfluet.
1175 1570 1216 1608 T
1208 1570 1264 1607 Is.
1296 1568 1364 1619 qui
1408 1568 1536 1607 istdc?

422 1633 510 1670 ΡΑ.
543 1632 635 1682 quia

207 1708 336 1745 neque
356 1703 397 1734 tu
418 1698 499 1735 tino
520 1710 602 1735 eras
624 1697 811 1737 conte'nta
831 1711 960 1749 neque
981 1700 1086 1737 solas
1107 1697 1216 1737 dedit
1230 1712 1240 1746 3

207 1773 298 1798 nam
321 1760 383 1798 hic
406 1761 564 1811 quoque
587 1762 734 1800 bonam
759 1763 1021 1813 magnzimque
1041 1770 1191 1813 partem
1210 1763 1262 1802 ad
1282 1769 1320 1802 te
1339 1761 1477 1801 attulit.

213 1826 301 1862 ΤΗ
333 1824 422 1863 itast
436 1840 446 1873 3
476 1827 545 1864 sed
566 1825 649 1865 sine
670 1840 734 1865 me
754 1826 958 1878 peruenire
978 1828 1057 1877 quo
1078 1828 1181 1866 uolo.

147 1899 187 1931 45
207 1888 354 1927 interea
374 1888 498 1937 miles,
519 1891 588 1939 qui
608 1904 671 1929 me
691 1904 821 1929 amare
842 1891 1057 1941 occe'perat,
1556 1898 1618 1934 125

206 1953 245 1990 in
267 1953 459 1993 Cziriamst
481 1954 677 2004 profectus
692 1970 701 2003 3
731 1963 769 1994 te
790 1956 938 1994 interea
955 1955 1031 1995 loci

205 2017 386 2068 cognoui.
445 2026 527 2057 tute
548 2021 621 2057 scis
643 2019 798 2069 postilla
818 2033 937 2070 quam
959 2022 1154 2059 intumum

205 2082 373 2120 habeam
394 2090 432 2122 te
453 2090 491 2122 et
512 2097 599 2122 mea
621 2084 784 2122 consilia
804 2091 846 2122 ut
867 2084 937 2123 tibi
957 2086 1115 2123 credam
1137 2083 1279 2124 omnia.

252 2195 311 2225 105
335 2185 476 2226 perpIuo
492 2186 623 2226 antley
757 2187 818 2218 106
842 2187 945 2218 taceri
960 2187 1138 2219 BCDEP:
1161 2193 1276 2219 tacere
1290 2188 1360 2219 AG
1472 2198 1531 2227 107

205 2229 373 2270 sicscmpsi
386 2240 464 2270 ego:
489 2229 602 2261 Samia
622 2229 703 2260 mihi
721 2235 829 2261 mater
849 2230 938 2261 codd.
1092 2242 1151 2271 113
1176 2232 1264 2271 potis
1288 2236 1361 2263 erat
1379 2231 1531 2272 Bentley:

207 2277 362 2311 potuerat
379 2272 466 2304 codd.
632 2282 691 2312 117
715 2274 760 2304 sic
784 2284 858 2304 cum
885 2273 986 2305 Riuio
1011 2274 1097 2314 uolg.
1118 2286 1125 2306 ε
1149 2275 1293 2306 educare
1316 2277 1360 2306 ita
1377 2280 1412 2306 ut
1429 2275 1533 2307 codd:

196 2315 279 2355 fort.
299 2316 420 2347 docere
438 2317 483 2347 ita
499 2321 533 2348 et
549 2316 694 2348 educare
711 2321 746 2348 ut
763 2316 790 2348 si
807 2322 899 2349 esset
916 2317 983 2349 filia
1048 2317 1134 2350 Don.
1156 2318 1190 2349 in
1207 2318 1317 2350 Iemm.
1339 2324 1374 2350 ut
1390 2319 1537 2361 agnoscit
