1773 2750
726 101 994 139 PHORMIO
1448 103 1514 139 IV.
1537 103 1582 138 iv

112 219 178 261 685
206 215 297 253 GE.
330 213 426 263 quid
447 211 537 262 ergo
558 211 716 249 narras?
770 211 866 248 AN.
897 210 993 258 quid
1013 222 1086 258 ego
1107 211 1287 248 narrem?
1316 211 1433 259 operit
1455 218 1519 248 tua

197 280 247 316 ad
268 277 398 316 re'stim
420 276 473 315 mi
493 275 677 326 equidem
697 273 756 312 res
777 273 875 312 redit
895 275 1144 323 planissume.
1538 292 1555 322 5

198 351 240 380 ut
261 350 298 380 te
318 340 502 391 equidem
523 340 563 378 di
583 337 760 388 deae'que
780 351 918 376 omnes
939 337 1066 387 superi
1089 337 1198 376 inferi

199 408 309 445 malis
330 404 516 455 exemplis
537 402 701 454 perdant
718 405 724 440 ἔ
755 416 828 450 em,
852 402 883 440 si
903 403 998 452 quid
1019 402 1126 449 uelis,

199 471 289 509 huic
311 470 473 509 mfindes
493 468 560 519 qui
581 475 618 506 te
637 469 687 506 ad
708 468 914 518 scdpulum
935 481 956 506 e
977 467 1185 517 tranquillo
1204 468 1363 507 auferat.

111 540 180 583 690
199 536 294 587 quid
316 537 443 574 minus
463 533 600 574 utibile
621 533 691 571 fuit
711 546 830 582 quam
851 534 927 571 hoc
948 534 1058 571 ulcus
1079 532 1236 583 tzingere

197 608 264 639 aut
284 599 486 639 n6minare
506 599 695 637 ux6rem?
724 597 902 636 iniectast
922 596 1010 647 spe's
1030 597 1128 648 patri
1544 613 1581 635 10

198 678 313 714 posse
334 665 437 702 illam
458 662 620 702 extrudi.
678 661 778 701 cedo
799 675 904 700 nunc
924 675 1062 712 porro:
1094 661 1279 701 Phdrmio

197 728 332 768 dotem
353 728 383 766 si
403 727 579 778 accipiet,
602 729 697 765 uxor
717 726 936 766 ducendast
955 727 1118 766 domum
1136 742 1143 765 :

197 794 292 845 quid
313 796 408 834 fiet?
468 795 559 834 GE.
592 806 671 832 non
693 793 798 832 enirn
819 794 948 832 ducet.
1005 794 1102 832 AN.
1134 793 1239 832 noui.
1292 791 1465 832 ceterum

109 868 175 913 695
196 873 317 910 quom
341 858 543 909 argentum
565 865 752 908 repetent,
776 858 908 897 ndstra
927 871 1044 896 causa
1063 857 1210 897 scilicet

196 924 235 962 in
257 923 419 962 neruom
440 923 569 974 potius
591 922 672 961 ibit.
737 923 828 962 GE.
860 922 913 960 nil
934 929 1001 969 est,
1024 911 1213 972 Antipho,
1542 936 1578 967 15

197 987 291 1038 quin
313 988 413 1026 maile
434 988 627 1026 narrando
648 986 771 1036 pdssit
791 985 1059 1036 deprauzirier:

197 1059 237 1090 tu
259 1051 298 1090 id
319 1052 426 1102 qudd
448 1051 579 1090 bonist
600 1050 784 1101 excerpis,
807 1050 904 1089 dicis
925 1051 1032 1101 qudd
1054 1049 1192 1089 malist.

195 1117 289 1155 audi
309 1129 414 1155 nunc
435 1123 570 1155 contra
587 1130 594 1154 x
624 1115 700 1154 ἰείη]
722 1115 753 1154 si
773 1122 976 1165 argentum
996 1114 1199 1166 acceperit,

110 1193 178 1228 700
195 1180 414 1220 duce'ndast
435 1194 542 1228 uxor,
563 1182 605 1219 ut
624 1184 690 1227 ais,
714 1180 892 1219 conced6
912 1179 981 1218 tibi
998 1194 1006 1218 ε

195 1245 364 1296 spatium
386 1244 546 1296 quidem
569 1245 729 1284 tandem
750 1243 964 1295 aidparandi
985 1243 1151 1295 nuptias,
1541 1260 1579 1282 20

196 1310 376 1357 uoczindi,
402 1309 659 1349 sacrufiea'mdi
680 1309 835 1348 dabitur
855 1310 1069 1359 paululum.

196 1374 343 1414 interea
361 1374 477 1413 amici
498 1374 606 1425 qu6d
627 1373 788 1425 polliciti
809 1375 899 1412 sunt
919 1373 1094 1412 dabunt:

196 1438 288 1478 inde
327 1440 397 1478 iste
436 1439 584 1477 reddet.
641 1439 737 1477 AN.
768 1450 886 1489 quam
920 1438 972 1477 db
1007 1439 1118 1477 rem?
1158 1444 1226 1476 aut
1259 1436 1354 1488 quid
1385 1436 1518 1477 dicet?

415 1504 505 1542 GE.
539 1503 679 1552 rogas?

109 1579 174 1616 705
198 1570 206 1586 ‘
219 1568 327 1618 quod
348 1566 406 1606 re's
427 1566 583 1618 postilla
604 1567 777 1605 mo'nstra
797 1567 1013 1605 euenerunt
1033 1565 1128 1604 mihi
1145 1568 1152 1605 1

195 1630 296 1670 intro
317 1631 357 1670 iit
378 1631 417 1670 in
438 1630 546 1670 aedis
568 1630 648 1669 ziter
668 1630 816 1669 alienus
837 1630 943 1669 canis
958 1645 969 1679 3
1539 1636 1577 1668 25

194 1697 329 1746 anguis
351 1695 389 1734 in
410 1695 632 1746 inpluuium
654 1694 800 1733 de'cidit
820 1695 870 1734 de
891 1694 1028 1745 tegulis
1043 1709 1053 1742 ;

193 1760 335 1809 gallina
355 1759 496 1798 cecinit
511 1774 520 1806 ;
552 1758 748 1799 interdixit
769 1758 938 1797 hdriolus
955 1774 962 1797 ε

194 1824 385 1875 haruspex
406 1823 529 1863 uetuit
546 1839 554 1871 ;
583 1824 672 1862 ainte
694 1824 873 1862 brumam
893 1822 1023 1862 autem
1046 1823 1138 1862 noui

108 1901 176 1935 710
193 1888 323 1939 negoti
346 1888 516 1939 incipere
533 1890 561 1926 !’
592 1887 691 1939 quae
713 1895 866 1927 causast
886 1887 1119 1926 iustissuma.

193 1953 289 1991 haec
310 1954 415 1992 fient.
473 1954 568 1992 AN.
601 1960 642 1991 ut
664 1954 784 1992 modo
804 1954 922 1991 fiant!
983 1954 1074 1991 GE.
1107 1953 1223 1991 fient:
1254 1952 1316 1991 me'
1338 1953 1439 1993 uide.
1535 1961 1575 1991 30

192 2024 300 2066 pater
320 2017 418 2056 exit:
448 2017 524 2064 abi,
547 2016 611 2056 dic
631 2016 715 2056 esse
736 2024 937 2067 argentum
962 2016 1186 2056 Phaedriae.

232 2121 298 2151 686
322 2121 364 2151 mi
391 2121 547 2161 equidem
571 2120 705 2161 scripsi:
730 2120 808 2150 mihi
834 2120 967 2160 quidem
992 2119 1080 2152 codd.
1104 2124 1134 2151 et
1157 2120 1241 2161 uolg.
1387 2122 1450 2160 687
1473 2132 1516 2152 stc

189 2163 322 2204 scripsi:
357 2168 392 2194 ut
418 2169 451 2195 te
475 2164 610 2203 quidem
638 2173 754 2196 omnes
778 2164 810 2194 di
831 2164 982 2203 deaeque
1004 2163 1090 2195 codd.
1112 2175 1118 2194 :
1151 2174 1215 2195 om.
1246 2174 1310 2203 que
1338 2162 1469 2204 Bentley
1487 2169 1515 2195 et

190 2207 298 2247 uolg.:
335 2207 392 2237 sed
413 2207 452 2247 cf.
484 2207 572 2238 Eun.
599 2217 664 2246 302
866 2208 932 2246 689
955 2208 1010 2246 qui
1029 2231 1036 2238 .
1057 2231 1064 2238 .
1086 2231 1092 2238 .
1114 2207 1245 2239 auferat
1273 2207 1385 2238 E²F22
1423 2209 1513 2248 quod

189 2250 325 2288 quidem
350 2255 440 2281 recte
458 2255 609 2281 curatum
635 2249 721 2281 uelis
744 2249 777 2280 A
803 2253 831 2280 et
853 2254 917 2281 cett.
943 2261 1080 2282 omnes:
1103 2250 1160 2282 sed
1181 2261 1293 2281 uersus
1315 2261 1354 2281 ex
1369 2250 1508 2291 Adelph.

189 2302 253 2331 372
270 2293 304 2322 in
326 2293 507 2334 marginem
525 2293 691 2324 traductus
707 2293 740 2324 in
757 2297 882 2324 textum
900 2293 1030 2324 uidetur
1041 2294 1301 2325 seinsmuam‘sse
1447 2295 1513 2334 690

190 2335 309 2367 uolnus
326 2336 358 2366 A
375 2347 380 2366 :
416 2337 509 2368 ulcus
526 2337 577 2367 Α2
595 2347 669 2367 cum
691 2339 715 2368 Σ
846 2346 908 2375 707
933 2337 966 2367 in
988 2337 1111 2377 Guyel:
1144 2347 1206 2377 per
1225 2337 1312 2369 codd.
1450 2347 1512 2378 710

188 2378 396 2410 exclamandi
410 2383 522 2410 notam
534 2380 646 2421 posuit
660 2379 831 2411 Fleckeisen
848 2391 856 2410 ι
879 2380 1034 2411 lacunam
1050 2384 1199 2412 statuont
1213 2380 1283 2412 cdd.
1296 2381 1440 2422 plerique

221 2445 297 2466 τεκ.
318 2444 423 2468 paon.
1375 2443 1415 2474 13
