1773 2750
114 126 166 163 II.
190 126 235 162 iii
608 128 647 163 P.
681 125 934 163 TERENTI
966 126 1099 163 AFRI

190 248 406 286 numquam
439 237 490 274 ita
530 235 736 285 magnifice
768 237 979 285 quicquam
1015 235 1154 282 dicam,
1193 235 1232 273 id
1266 236 1388 274 uirtus
1424 236 1518 286 quin

403 303 558 351 superet
579 308 655 338 tua.

152 381 169 412 5
189 366 320 416 itaque
347 368 465 404 tinam
487 367 588 403 hane
609 378 689 403 rem
712 379 774 404 me
796 365 940 404 habere
966 371 1116 415 praeter
1144 364 1241 403 tilios
1270 365 1520 416 praecipuam

402 430 575 477 arbitror,

188 497 342 534 fratrem
375 495 526 534 homini
557 494 705 533 nemini
735 496 820 533 esse
850 494 1059 544 primarum
1095 494 1234 533 cittium
1268 495 1388 545 magis
1420 496 1520 546 prin-

401 560 540 611 cipem.

188 626 222 666 S
232 627 270 664 Y.
294 638 317 664 0
339 625 541 676 Ctesipho.
588 626 668 665 CT.
702 638 726 664 o
741 626 844 674 Syre,
865 625 1086 664 Ae'schinus
1101 624 1237 664 ubist?
1281 626 1314 663 S
1325 626 1362 663 Y.
1386 625 1517 674 ellum,
1539 627 1608 662 260

402 697 440 729 te
461 692 638 741 expectat
659 690 778 729 dorni.
842 691 922 729 CT.
955 691 1057 728 hem.

190 757 223 795 S
232 757 270 794 Y.
303 755 399 806 quid
419 758 506 795 est?
566 757 646 795 CT.
670 757 766 806 quid
786 755 866 794 sit?
892 755 994 794 illius
1015 756 1144 806 opera,
1167 757 1271 805 Syre,
1290 769 1395 794 nunc
1416 757 1519 794 ul'uo.

403 820 587 859 festiuom
608 828 737 870 caput,

189 886 256 936 qui
293 899 415 936 quom
456 885 590 924 omnia
626 885 701 924 sibi
739 886 829 936 post
865 885 1009 935 putarit
1044 887 1129 925 e‘sse
1166 899 1258 936 prae
1295 899 1385 925 meo
1419 887 1524 925 com-

404 951 537 998 modo,

131 1030 171 1054 10
190 1016 408 1063 maledicta,
453 1017 609 1063 famam,
660 1018 793 1055 meum
835 1016 1011 1055 laborem
1059 1023 1097 1054 et
1137 1018 1345 1066 peccatum
1393 1016 1432 1055 in
1481 1030 1523 1056 se

403 1080 608 1119 transtulit.

188 1147 243 1186 nil
271 1147 364 1198 pote
402 1160 528 1197 supra.
607 1146 703 1197 quid
737 1147 829 1185 naim
872 1146 964 1186 foris
1007 1146 1186 1198 crepuit?
1261 1148 1343 1187 SY.
1394 1149 1520 1196 mzine,

404 1225 520 1251 mane
538 1228 545 1251 ε
575 1211 659 1263 ipse
679 1212 756 1251 exit
775 1213 887 1251 foras.

124 1407 169 1441 iv
229 1402 556 1438 AEscnles
639 1400 926 1438 CTssslpHo
1010 1399 1184 1437 SvRvs
1267 1400 1482 1437 SANNIO

187 1499 280 1537 ΑΕ.
304 1497 420 1536 Vbist
441 1499 504 1536 ille
524 1497 765 1547 sacrilegus?
822 1498 901 1536 SA.
927 1510 989 1535 me
1010 1497 1170 1547 quaerit.
1204 1500 1298 1536 mim
1313 1497 1408 1548 quid
1429 1511 1521 1536 nam
1541 1500 1606 1544 265

403 1563 550 1602 ecfert?
580 1561 708 1600 occidi
725 1576 732 1599 z

189 1628 241 1666 nil
256 1628 383 1666 uideo.
426 1628 519 1665 AE.
543 1628 658 1665 ehem
673 1629 918 1677 opportune:
946 1635 983 1665 te
1000 1626 1127 1677 ipsum
1150 1629 1317 1677 quae'ro:
1348 1629 1444 1679 quid
1466 1630 1518 1677 fit,

402 1691 593 1742 Cte'sipho
608 1692 625 1729 ?

187 1758 226 1796 in
248 1760 370 1796 tiitost
390 1756 518 1796 omnis
539 1758 621 1795 res:
653 1755 790 1796 omitte
811 1757 905 1796 uero
926 1757 1118 1796 tristitiem
1141 1766 1259 1796 tuam.

192 1824 271 1862 CT.
305 1836 377 1873 ego
407 1822 512 1861 illam
538 1823 667 1861 hercle
692 1835 786 1861 uero
810 1823 960 1869 omitto,
984 1822 1050 1872 qui
1078 1822 1262 1873 equidem
1290 1831 1328 1862 te
1355 1823 1520 1863 heibeam

405 1888 559 1926 fratrem
577 1902 584 1925 :
614 1900 638 1925 ο
660 1887 713 1925 mi
733 1887 943 1934 Aeschine,

153 1968 170 2000 5
191 1966 215 1991 o
237 1953 289 1990 mi
309 1955 516 2003 germane}
543 1953 605 1999 ah,
629 1953 766 1991 uereor
786 1965 918 1990 coram
939 1952 979 1990 in
1001 1953 1044 1991 os
1065 1959 1102 1991 te
1122 1953 1282 1992 laudare
1301 1953 1480 2004 amplius,

190 2031 240 2056 ne
270 2017 310 2056 id
339 2016 574 2055 adsentandi
604 2016 726 2067 maigis
757 2030 874 2067 quam
905 2029 986 2067 quo
1015 2017 1183 2056 habeam
1213 2019 1365 2068 gra'ztum
1394 2020 1522 2058 facere
1541 2026 1610 2063 270

404 2082 625 2120 existumes.

237 2196 301 2226 259
324 2186 431 2217 frater
447 2185 479 2215 A
582 2185 646 2215 262
670 2184 725 2224 qui
739 2194 838 2224 quom
852 2184 965 2215 omnia
980 2183 1143 2215 Dziatzko
1159 2196 1165 2216 ε
1188 2185 1244 2225 qui
1262 2186 1449 2225 ignominia
1464 2187 1497 2217 A
1517 2199 1524 2219 :

192 2231 249 2268 qui
279 2229 392 2260 omnia
419 2232 442 2260 Σ
590 2228 716 2268 putarit
747 2227 834 2259 codd.
855 2238 862 2257 :
897 2228 1026 2267 putauit
1059 2228 1143 2269 uolg,
1284 2231 1350 2270 263
1375 2231 1523 2262 laborem

191 2272 342 2303 Nonius:
372 2282 516 2303 amorem
533 2271 625 2303 codd.
737 2273 799 2310 264
824 2275 904 2311 pote
921 2271 1098 2302 Donatus:
1122 2276 1234 2312 potest
1249 2273 1340 2304 codd.
1459 2276 1524 2304 268

194 2315 283 2346 illam
302 2341 308 2347 .
326 2341 333 2348 .
353 2340 360 2347 .
382 2327 464 2347 uero
480 2315 532 2345 A²
548 2328 555 2346 ι
578 2315 693 2346 hercle
712 2325 779 2345 om.
798 2315 831 2345 A
848 2327 855 2345 ι
883 2314 973 2345 illam
996 2315 1095 2346 facile
1119 2316 1232 2346 hercle
1249 2326 1332 2348 uero
1348 2316 1403 2347 D:
1434 2318 1522 2348 illam

192 2359 286 2389 facile
304 2369 385 2390 uero
403 2363 466 2389 cell.
600 2358 655 2398 qui
675 2358 831 2397 equidem
848 2359 978 2399 scripSi:
1004 2359 1060 2398 qui
1077 2359 1212 2399 quidem
1229 2360 1317 2390 codd.
