1773 2750
691 111 998 149 ADELPHOE
1432 113 1507 149 III.
1530 113 1573 149 iii

186 224 315 261 utrtim
336 221 518 261 studione
538 221 578 261 id
598 221 671 260 sibi
691 221 810 259 habet
829 233 879 258 an
900 221 1006 259 laudi
1025 227 1135 271 putat

186 289 278 334 fore,
300 288 332 325 si
350 286 560 337 perdiderit
579 287 769 337 gnatum?
798 298 870 323 uae
890 284 1031 323 misero
1052 284 1147 322 mihi
1164 288 1171 323 1

186 352 319 391 uidere
339 350 476 390 uideor
494 351 570 390 iam
591 351 696 390 diem
716 350 836 397 illum,
860 363 981 400 quom
1002 350 1094 388 hinc
1114 362 1232 400 egens
1529 360 1569 391 30

100 431 164 476 335
186 416 377 467 prostigiet
396 416 528 466 aliquo
548 415 766 454 militatum.
826 416 860 454 S
868 416 906 453 Y.
938 427 962 452 o
980 414 1142 461 De'mea,

184 481 284 520 istrie
304 488 361 520 est
381 494 525 531 sapere,
548 481 628 519 non
650 481 758 530 quod
777 486 869 518 ante
888 478 1010 529 pede's
1030 480 1188 518 modost

183 545 317 584 uidere
337 547 404 584 sed
426 545 542 584 etiam
563 546 627 583 illa
647 558 748 594 quae
768 545 896 582 futiira
915 551 1005 582 sunt

183 611 413 660 prospicere.
472 611 569 648 DE.
602 609 727 660 quid?
755 609 874 648 istaec
890 608 966 646 iam
983 621 1104 659 penes
1121 622 1192 647 uos
1208 607 1430 658 psaltriast?

184 676 217 714 S
227 676 265 714 Y.
314 676 428 713 ellam
459 675 571 713 intus.
641 675 739 712 DE.
782 675 868 720 eho,
898 686 947 711 an
975 674 1119 712 domist
1148 673 1380 712 habiturus?
1427 674 1459 712 S
1470 674 1507 712 Y.
1531 684 1568 716 35

396 738 524 786 credo,
547 746 589 778 ut
609 746 667 777 est

97 818 166 853 390
183 803 390 844 dementia.
449 806 547 843 DE.
580 804 719 843 haecin
740 804 846 843 fieri!
904 806 937 844 S
946 806 985 843 Y.
1017 804 1150 855 inepta
1169 804 1308 843 lenitas

181 869 299 920 patris
320 869 358 908 et
378 869 540 908 facilitas
560 870 690 920 praua.
748 870 845 908 DE.
879 868 1003 908 fratris
1024 869 1086 908 me'
1107 868 1268 919 quidem

181 934 303 984 pudet
323 934 516 985 pigetque.
576 936 609 974 S
619 936 657 973 Y.
689 935 854 973 nimium
874 934 973 973 inter
993 948 1075 981 uos,
1100 933 1262 981 De'mea,

183 1000 281 1051 (non
302 999 393 1049 quia
411 1000 506 1038 ades
526 1012 709 1050 praesens
729 1000 820 1038 dico
840 1000 933 1050 hoc)
954 998 1189 1049 pernimium
1212 1000 1381 1038 interest.

182 1072 234 1110 tu,
258 1064 427 1114 quantus
447 1066 637 1114 quantu's,
661 1065 714 1102 nil
734 1063 808 1102 nisi
829 1063 1018 1113 sapientia
1039 1077 1091 1112 es,
1529 1078 1574 1111 40

96 1140 161 1177 395
181 1128 245 1167 ille
266 1128 472 1167 somnium.
532 1142 622 1166 mtm
644 1129 788 1167 sineres
808 1141 902 1167 uero
922 1127 1030 1166 illtim
1051 1135 1161 1167 tuom

182 1195 307 1233 facere
338 1193 463 1242 haec?
518 1194 615 1232 DE.
649 1193 814 1232 sinerem
836 1193 974 1232 illum?
1013 1201 1079 1232 aut
1100 1193 1179 1232 non
1207 1206 1273 1232 sex
1293 1193 1384 1233 totis
1404 1192 1510 1233 men-

396 1258 502 1297 sibus

179 1324 284 1374 prius
305 1323 523 1363 olfecissem
545 1323 663 1374 quam
684 1323 747 1362 ille
768 1322 980 1374 quicquam
1001 1322 1215 1374 coeperet?

180 1390 213 1428 S
223 1390 261 1428 Y.
302 1389 542 1440 uigilantiam
563 1397 669 1428 tuam
691 1392 732 1428 tii
753 1389 848 1427 mihi
869 1391 1029 1428 narras?
1083 1389 1179 1428 DE.
1213 1390 1267 1428 sic
1288 1390 1359 1428 siet

179 1455 301 1493 modo
321 1462 363 1493 ut
383 1457 488 1493 minc
508 1461 576 1502 est,
595 1467 751 1505 quaeso.
813 1456 845 1494 S
855 1455 894 1493 Y.
925 1462 967 1493 ut
987 1455 1154 1506 quisque
1174 1468 1287 1494 suom
1308 1456 1390 1494 uolt
1412 1454 1506 1503 esse,
1528 1464 1569 1497 45

396 1518 493 1558 itast.

92 1598 161 1631 400
179 1586 277 1623 DE.
308 1584 404 1635 quid
425 1586 545 1623 etim?
573 1584 733 1623 uidistin
754 1584 902 1623 hodie?
958 1586 990 1623 S
1001 1586 1038 1623 Y.
1070 1592 1233 1624 tuomne
1254 1584 1407 1624 filium?

176 1650 331 1700 abigam
346 1651 451 1688 hiinc
465 1663 538 1688 rus.
585 1649 662 1687 iam
676 1650 827 1688 dudum
844 1649 992 1700 aliquid
1006 1650 1081 1688 ruri
1097 1663 1210 1700 agere
1225 1649 1397 1688 arbitror.

176 1715 273 1752 DE.
320 1714 418 1752 satin
453 1716 526 1753 scis
561 1714 613 1752 ibi
646 1717 760 1753 esse?
827 1715 859 1753 S
870 1716 908 1752 Y.
949 1715 1011 1761 oh,
1046 1714 1112 1764 qui
1145 1715 1298 1765 e'gomet
1329 1714 1505 1766 produxi.

388 1779 482 1817 DE.
515 1781 712 1830 optumest
729 1795 735 1817 :

178 1845 298 1883 metui
319 1858 368 1884 ne
388 1846 562 1883 haereret
583 1846 656 1883 hic.
717 1846 750 1883 S
760 1846 799 1883 Y.
830 1851 948 1895 atque
968 1843 1108 1883 iratum
1129 1845 1356 1883 admodum.

176 1911 273 1948 DE.
306 1910 402 1960 quid
421 1911 583 1949 mitem?
631 1911 710 1949 SY.
743 1912 919 1949 adortust
935 1910 1058 1961 itirgio
1079 1911 1232 1948 fratrem
1254 1911 1358 1960 apud
1380 1910 1505 1949 forum
1526 1924 1567 1957 50

87 1986 152 2022 405
174 1975 224 2012 de
244 1975 399 2025 psa'ltria
420 1975 500 2013 ista.
559 1976 656 2013 DE.
689 1975 751 2014 ain
774 1975 895 2014 uero?
953 1977 985 2014 S
996 1977 1033 2014 51
1066 1975 1152 2021 nah,
1176 1974 1228 2012 nil
1250 1974 1413 2013 reticuit.

175 2052 264 2077 nam
286 2047 327 2078 ut
348 2040 624 2079 niimerabatur
644 2041 741 2079 forte
761 2048 974 2091 argentum,
998 2039 1206 2078 interuenit

217 2144 280 2182 383
304 2143 386 2175 A²E
403 2155 409 2174 :
434 2143 523 2174 sores
540 2143 567 2174 si
585 2143 618 2174 A
767 2154 827 2183 391
854 2144 995 2175 facilitas
1010 2142 1232 2174 DEGF²P22
1258 2143 1396 2174 facultas
1408 2142 1508 2174 ΑΒΕ

174 2196 237 2225 394
261 2191 406 2225 quantus
431 2192 576 2227 quantus
600 2187 688 2219 codd.
851 2197 914 2226 395
940 2188 1044 2218 sutilis
1071 2187 1213 2228 gfuttilisj
1241 2191 1313 2217 aule
1336 2186 1502 2217 somnium

173 2230 292 2260 habent
309 2232 452 2270 (praeter
468 2230 507 2262 C¹
527 2234 556 2261 et
570 2229 614 2271 P)
634 2235 658 2263 Σ
748 2241 826 2262 num
841 2231 917 2262 add.
934 2231 1034 2261 Klelle
1108 2230 1198 2260 illum
1219 2236 1309 2260 tuum
1327 2229 1359 2259 A
1379 2242 1385 2260 ε
1411 2230 1501 2260 illurn

174 2278 208 2303 tu
227 2278 318 2304 tuum
332 2273 383 2304 uel
397 2279 431 2304 tu
447 2274 536 2305 illum
549 2279 641 2305 tuum
656 2278 680 2306 Σ
768 2276 834 2314 396
850 2275 996 2306 sinerem
1012 2273 1078 2305 A¹:
1096 2274 1209 2305 sinere
1220 2274 1252 2303 A
1344 2283 1407 2312 397
1426 2283 1502 2303 coe-

173 2322 267 2354 peret
287 2316 460 2348 (;·-'D'†³F2:
486 2319 637 2358 coeperit
656 2317 800 2348 ABPC²
816 2331 823 2349 ι
849 2319 977 2357 ceperit
994 2317 1031 2348 (¹
1133 2327 1196 2356 405
1222 2317 1284 2347 ista
1310 2316 1479 2347 Fleckeisen
1497 2328 1503 2347 :

173 2359 253 2389 istac
279 2359 364 2390 codd.
458 2362 522 2392 unh
541 2361 645 2393 codas:
670 2362 751 2392 istac
777 2386 782 2392 .
804 2385 810 2392 .
831 2385 838 2392 .
859 2363 898 2392 ah
918 2362 1021 2392 Bothe
1036 2364 1063 2390 cl
1081 2361 1165 2400 uolg.
