1773 2750
714 118 1016 157 EVNVCHVS
1464 124 1508 159 V.
1532 123 1591 160 vii

197 232 283 269 TH.
316 232 468 281 egone?
497 237 538 268 ut
559 229 703 267 Thaidi
734 241 796 266 me
826 229 969 267 dedam
998 236 1035 267 et
1062 228 1201 267 faciam
1229 231 1337 279 quod
1368 230 1507 269 iubeat.

408 295 500 334 GN.
533 293 628 343 quid
649 294 738 331 est?

195 362 281 398 TH.
315 360 382 410 qui
405 358 533 396 minus
558 370 677 407 quam
701 355 894 396 Hercule's
922 356 1081 396 seruiuit
1102 346 1355 408 Omphalae?
1416 361 1508 398 GN.

401 423 623 472 exempltim
645 423 783 472 placet.

188 488 337 528 titinam
358 486 428 526 tibi
449 485 693 536 conmitigari
715 487 872 525 uideam
893 486 1070 525 sandalio
1091 495 1208 538 caput
1225 490 1231 526 !

187 553 256 592 sed
277 554 377 591 fores
398 550 631 601 crepuerunt
652 551 702 589 ab
724 563 779 589 ea.
845 552 933 590 TH.
965 550 1060 601 perii
1080 566 1086 590 :
1117 551 1212 602 quid
1239 553 1315 591 hoc
1341 552 1509 592 autemst
1530 568 1547 598 5

401 615 525 654 mali?

80 691 167 726 1030
186 682 291 719 htinc
307 693 378 731 ego
395 693 612 730 numquam
628 681 804 720 uideram
820 679 938 720 etiam
955 694 962 719 ε
992 681 1088 731 quid
1104 694 1195 720 nam
1212 681 1276 720 hic
1296 695 1508 733 properans

396 744 577 795 prosilit?

210 855 482 894 CHAEREA
566 857 842 894 PARMENO
926 857 1164 895 GNATHo
1247 858 1476 896 THRASO
1528 855 1605 892 viii

184 944 272 982 CH.
307 935 342 981 O
364 945 581 993 populares,
606 943 740 993 ecquis
762 956 824 982 me
845 942 964 982 hodie
984 943 1082 981 uiuit
1103 944 1363 983 fortunatior?

181 1021 299 1046 nemo
316 1007 445 1047 hercle
459 1008 666 1058 quisquam
682 1022 692 1055 3
721 1021 812 1046 nam
827 1009 865 1046 in
880 1021 942 1046 me
958 1009 1074 1058 plane
1088 1009 1128 1047 di
1144 1009 1378 1058 potestatem
1396 1023 1506 1048 suam

182 1086 341 1111 omnem
356 1073 563 1111 ostendere
577 1074 671 1122 quoi
687 1080 766 1111 tam
783 1072 913 1111 subito
930 1073 987 1111 tot
1004 1073 1252 1123 congruerint
1268 1075 1489 1114 commoda.

182 1139 269 1175 ΡΑ.
301 1137 397 1188 quid
424 1138 488 1176 hic
515 1137 638 1176 laetus
665 1139 752 1176 est?
811 1139 901 1177 CH.
933 1151 957 1176 0
979 1137 1173 1177 Parmeno
1200 1138 1266 1186 mi,
1287 1152 1311 1178 0
1332 1139 1505 1178 mearum

396 1204 644 1253 uoluptatum
666 1201 844 1241 omnium

75 1275 158 1312 1035
181 1267 362 1307 inuentor
383 1268 560 1319 inceptor
580 1269 786 1320 perfector,
807 1268 882 1306 scis
904 1282 966 1306 me
987 1267 1026 1306 in
1049 1268 1192 1318 quibus
1213 1268 1286 1307 sim
1307 1270 1489 1320 gafidiis?
1527 1285 1543 1316 5

180 1332 254 1371 scis
294 1333 540 1384 Pzimphilam
580 1347 708 1373 meam
748 1333 950 1372 inuentam
995 1333 1153 1372 ciuem?
1227 1335 1314 1372 ΡΑ.
1357 1335 1502 1373 audiui.

395 1400 486 1438 CH.
520 1399 594 1438 scis
616 1399 803 1450 sponsam
826 1398 953 1438 mihi?

178 1464 264 1501 ΡΑ.
298 1463 412 1511 bene,
443 1466 494 1503 ita
524 1478 587 1503 me
617 1464 657 1504 di
687 1471 830 1511 ament,
863 1464 1020 1502 factum.
1084 1465 1178 1504 GN.
1210 1464 1331 1503 audin
1362 1473 1413 1513 tu,
1442 1466 1504 1504 hic

391 1529 487 1579 quid
507 1531 592 1568 a'it?
653 1530 743 1568 CH.
776 1536 859 1566 tum
880 1536 1013 1567 autem
1035 1528 1252 1568 Phaedriae

177 1604 265 1630 meo
286 1592 387 1631 fratri
409 1594 563 1643 gaudeo
584 1593 668 1632 e‘sse
688 1606 862 1632 amorem
884 1606 1044 1632 omnem
1067 1595 1105 1631 1'n
1127 1594 1336 1644 tranquillo
1354 1609 1360 1633 :
1390 1595 1503 1634 unast

390 1659 532 1697 domus
548 1674 558 1707 3

176 1721 275 1769 patri
295 1735 335 1760 se
357 1723 478 1761 Thais
499 1722 809 1772 commendauit,
831 1724 869 1761 in
891 1723 1113 1762 clientelam
1135 1723 1172 1762 et
1194 1724 1312 1762 fidem

70 1786 290 1830 1040nob1's
312 1787 421 1826 dedit
442 1801 493 1827 se.
552 1790 639 1827 ΡΑ.
672 1788 795 1826 fratris
823 1787 937 1838 igitur
957 1788 1078 1827 Thais
1103 1790 1252 1827 totast?
1311 1789 1400 1828 CH.
1435 1791 1502 1828 sci·
1525 1805 1562 1827 10

390 1852 489 1890 licet.

172 1915 259 1952 ΡΑ.
292 1914 370 1954 iam
383 1917 459 1955 hoc
473 1916 579 1956 aliud
593 1924 651 1956 est
664 1918 773 1967 quod
786 1918 1028 1968 gafidearnus
1046 1932 1053 1956 ε
1084 1918 1195 1956 miles
1208 1919 1373 1968 pellettir
1385 1920 1497 1958 foras.

174 1980 264 2018 CH.
297 1988 337 2019 tu
368 1982 482 2020 frater
508 1981 576 2021 ubi
603 1982 670 2021 ubi
701 1990 759 2021 est
785 1982 846 2021 fac
876 1996 995 2033 quam
1025 1982 1195 2033 primum
1226 1984 1323 2022 haec
1352 1985 1495 2024 atidiat.

383 2048 471 2085 ΡΑ.
504 2047 628 2086 uisam
649 2048 883 2086 domum.—

176 2109 263 2146 TH.
296 2123 390 2148 num
412 2112 518 2161 quid,
537 2112 712 2159 Gnatho,
728 2119 770 2150 tu
791 2111 948 2151 diibitas
970 2111 1065 2162 quin
1086 2125 1159 2162 ego
1179 2115 1286 2151 minc
1306 2121 1496 2164 perpetuo

382 2176 561 2225 pe'rierim
578 2178 594 2214 ?

173 2238 265 2276 GN.
297 2238 380 2278 sine
400 2240 523 2279 diibio
543 2240 693 2292 opinor.
754 2242 845 2281 CH.
877 2243 973 2292 quid
993 2255 1302 2282 commemorem
1324 2245 1491 2293 primum

380 2313 446 2344 aut
467 2307 624 2344 laudem
646 2305 860 2345 maxume?

479 2408 560 2438 1039
583 2399 774 2432 Fleckeisen:
799 2399 903 2431 Thais
922 2400 1009 2439 patri
1026 2410 1062 2431 se
1079 2400 1166 2431 codd.

209 2450 286 2471 Tm.
307 2450 383 2471 nvn.
1364 2446 1403 2474 10
