1773 2750
736 116 1037 156 EVNVCHVS
1483 122 1550 160 IV.
1572 122 1617 160 iii

400 263 645 299 ΡγΤΗΙΑε
756 261 971 297 DORIAS
1083 261 1381 296 PHAEDRIA

229 347 316 384 ΡΥ.
347 334 426 385 Vbi
459 360 532 396 ego
565 346 673 384 illum
708 345 945 383 scelerosum
980 344 1121 383 misera
1154 351 1272 394 atque
1311 344 1461 394 inpium
1499 345 1553 383 in-

443 409 628 448 ueniam?
656 411 722 447 adt
742 408 811 447 ubi
831 410 1046 458 quaeram?

230 474 372 514 hocine
393 482 472 513 tam
498 474 625 512 audax
651 473 802 511 facinus
822 474 949 511 facere
976 485 1061 511 esse
1087 475 1253 511 adsum!
1309 474 1402 511 ΡΗ
1433 472 1553 523 perii:

443 540 520 578 hoe
540 539 635 589 quid
656 537 704 576 sit
725 550 871 576 uereor.

143 602 210 647 645
230 605 317 642 ΡΥ.
349 604 445 654 quin
474 602 591 641 etiam
620 601 778 652 insupe'r
807 602 944 648 scelus,
977 609 1187 652 postquam
1216 600 1456 640 hidificatust
1483 603 1554 643 ul'r-

443 667 586 717 ginem,

230 740 380 772 uestem
397 732 555 771 omnem
577 731 740 770 miserae
756 730 924 778 discidit,
943 738 1026 769 tum
1047 730 1172 781 ipszim
1190 730 1331 781 capillo
1347 730 1551 770 conscidit.

230 799 322 836 ΡΗ
354 799 455 836 hem.
513 798 602 835 ΡΥ.
633 798 701 847 qul'
721 810 826 835 nunc
848 796 878 834 si
899 797 1012 834 denir
1033 795 1139 842 mihi,

230 869 272 900 ut
292 875 364 911 ego
384 861 581 911 tinguibus
602 861 713 899 facile
734 860 787 899 illi
808 860 847 898 in
868 862 1004 899 oeulos
1025 861 1198 898 inuolem
1220 860 1398 899 uene'fico
1416 863 1422 898 !

229 927 322 964 ΡΗ
355 925 488 964 005010
509 926 604 976 quid
624 925 800 975 profelcto
820 925 983 963 absente
1003 924 1119 963 nobis
1140 924 1376 963 turbatdmst
1396 924 1515 964 domi.

143 991 212 1035 650
229 990 359 1029 adibo.
418 990 514 1040 quid
558 990 686 1028 istuc?
738 990 833 1039 quid
878 988 1066 1027 festinas?
1122 991 1188 1027 alit
1227 1002 1345 1038 quem
1388 988 1553 1038 quaeris,

445 1055 631 1105 Pythias?

230 1121 317 1158 ΡΥ.
350 1121 464 1158 ehem
500 1118 701 1165 Phae'dria,
739 1133 811 1169 ego
845 1132 964 1169 quem
1003 1118 1218 1169 quadram?
1259 1118 1310 1157 in'
1344 1118 1437 1157 hinc
1475 1132 1555 1169 quo

444 1184 594 1233 dignu’s
616 1196 705 1221 cum
726 1184 842 1221 donis
863 1183 938 1221 tuis

230 1254 309 1285 tam
330 1246 499 1297 le'pidis?
554 1249 647 1286 ΡΗ
679 1247 775 1297 quid
796 1247 895 1286 istuc
919 1247 977 1286 fist
997 1249 1081 1286 rei?

229 1312 316 1349 ΡΥ.
348 1312 458 1361 rogz'ts
483 1313 575 1350 me?
604 1312 830 1350 eunuchum
859 1311 977 1362 que'm
998 1311 1141 1351 dedisti
1163 1311 1277 1351 nobis
1305 1325 1402 1362 quas
1422 1311 1555 1351 turbeis

444 1376 575 1415 dedit!

230 1440 348 1490 quam
369 1454 455 1480 erae
472 1442 579 1480 dono
599 1440 760 1480 de'derat
777 1440 899 1489 miles,
917 1441 1108 1492 uirginem
1124 1441 1287 1480 uitia'tuit.
1342 1443 1434 1480 ΡΗ
1458 1441 1554 1492 quid

442 1509 499 1544 a'l's
513 1507 529 1544 ?

141 1565 206 1611 655
228 1570 315 1608 ΡΥ.
338 1569 443 1620 pe'rii.
502 1571 594 1608 ΡΗ
618 1569 873 1608 ῖθηῑυΙέηῖᾶἐ.
931 1571 1019 1609 ΡΥ.
1042 1570 1191 1609 utinam
1208 1571 1262 1609 sic
1283 1570 1360 1609 sint
1376 1570 1443 1620 qui
1459 1569 1553 1609 mihi

443 1634 543 1673 maile
563 1635 702 1673 uolunt
720 1637 726 1672 !

228 1698 323 1737 DO.
355 1711 404 1737 au
435 1698 610 1745 obsecro,
636 1712 724 1737 mea
751 1698 919 1749 Pythias,
949 1700 1058 1749 quod
1087 1701 1187 1738 istuc
1216 1713 1307 1737 nam
1336 1701 1553 1738 monstram

443 1762 544 1801 fuit?

229 1828 321 1865 ΡΗ
353 1826 521 1866 ἰηεέηὶεε
552 1826 619 1877 qui
645 1827 745 1866 istuc
764 1827 891 1867 faicere
918 1829 1122 1867 eunuchus
1149 1828 1306 1878 potuit?
1360 1828 1449 1867 ΡΥ.
1480 1841 1553 1878 ego

443 1892 551 1930 illum
572 1891 705 1930 ne'scio

229 1955 295 2005 qui
316 1955 428 1994 fxierit
442 1971 451 2004 3
481 1957 557 1995 hoc
578 1956 686 2006 quod
706 1955 807 2003 faefficity
830 1970 889 1995 res
910 1957 993 2007 ipsa
1014 1957 1170 1996 indicat.

229 2020 338 2070 uirgo
372 2022 454 2070 ipsa
487 2021 675 2059 lacrumat
709 2020 848 2070 noque,
882 2035 1003 2072 quom
1038 2022 1190 2072 rogites,
1227 2022 1322 2072 quid
1354 2021 1401 2060 sit
1434 2023 1553 2061 audet

442 2086 581 2124 dicere.

142 2156 211 2191 660
228 2149 292 2188 ille
319 2152 451 2189 atitem
476 2151 604 2189 bonus
632 2149 691 2189 uir
720 2152 915 2201 misquam
938 2152 1110 2201 adparet.
1170 2151 1287 2190 e'tiam
1312 2152 1388 2190 hoc
1413 2151 1552 2191 misera

443 2214 628 2265 sdspicor,

271 2319 331 2358 651
359 2328 445 2357 egon
468 2328 545 2348 cum
572 2316 646 2350 ΣΑ1
735 2318 816 2360 ipro
831 2316 876 2350 in’
893 2317 941 2349 Al
1094 2320 1158 2359 654
1183 2318 1350 2351 Conradt:
1385 2319 1550 2359 virginem

229 2371 326 2401 quam
342 2371 420 2392 erae
435 2360 524 2392 codd.

1571 267 1616 303 iii

1574 812 1591 843 5

1578 1258 1617 1280 10
