1773 2750
92 124 143 160 II.
167 123 211 158 iii
585 122 622 158 P.
656 122 907 159 TERENTI
940 122 1071 159 AFRI

163 233 304 283 quoius
324 235 429 271 minc
450 233 572 283 pudet
594 244 657 271 me
677 239 715 270 et
736 232 901 278 miseret,
920 231 986 281 qui
1009 233 1144 270 harum
1163 233 1291 270 meres
1308 233 1488 271 cantabat
1509 239 1576 274 260

377 296 485 344 mihi,

102 373 143 396 20
163 363 360 401 monuisse
391 363 527 400 frustra
556 361 686 411 neque
711 373 802 400 eum
833 360 1007 410 potuisse
1033 363 1219 410 umquam
1250 362 1300 399 ab
1327 363 1401 399 hac
1428 375 1490 400 me

374 426 573 476 aspellere.

160 492 269 541 quod
303 491 435 529 tamen
468 504 575 529 nunc
608 488 748 528 faciam
764 504 775 538 3
816 492 900 528 tum
934 503 1056 539 quom
1090 497 1242 539 gratum
1277 489 1372 528 mihi
1406 503 1490 530 esse

374 555 501 606 potuit
521 555 643 594 nelui.

159 621 314 659 nem6st
335 619 510 659 miserior
536 633 610 657 me.
670 620 752 658 SY.
784 619 848 657 hic
868 620 919 658 de
946 618 1088 657 nostris
1108 618 1239 657 uerbis
1266 626 1365 658 errat
1385 620 1491 658 uide-

373 685 463 723 licet

160 763 260 800 quae
289 750 354 789 hie
382 752 516 788 sumus
543 749 675 787 locuti.
736 748 875 795 Clinia,
897 747 1007 786 aliter
1036 750 1147 786 tuom
1172 761 1348 787 amorem
1371 755 1489 797 atque

374 822 432 852 est
452 813 596 863 accipis
613 829 619 852 z

160 892 251 917 nam
272 886 311 918 et
330 880 447 917 ultast
467 879 606 916 eadem
627 884 666 915 et
685 876 839 915 animus
860 884 898 914 te
918 889 1008 925 erga
1027 875 1134 914 idem
1153 876 1199 914 ac
1219 876 1301 924 fuit,
1508 882 1572 926 265

101 960 139 992 25
161 951 352 994 quantum
374 942 420 981 ex
439 955 479 980 re
500 954 616 991 eapse
637 940 902 979 cenieeturam
925 939 1098 978 fecimus.

165 1008 315 1047 CLJN.
346 1006 442 1058 quid
462 1013 520 1045 est
541 1006 736 1045 ebsecro?
769 1018 860 1042 nam
891 1003 986 1042 mihi
1006 1017 1112 1042 nunc
1132 1004 1187 1042 nil
1213 1017 1342 1043 rerum
1369 1004 1491 1043 emni—

374 1078 479 1110 umst

161 1138 270 1187 quod
290 1136 423 1175 mdlim
444 1149 564 1186 quam
584 1149 649 1174 me
668 1136 745 1173 hoe
767 1135 864 1172 falso
885 1133 1126 1184 suspicarier.

160 1202 243 1241 SY.
275 1202 351 1240 hoc
371 1201 555 1250 primum,
576 1207 618 1237 ut
639 1212 689 1237 ne
710 1198 806 1249 quid
827 1199 942 1236 huius
963 1212 1091 1237 rerum
1112 1198 1290 1247 ignores:
1319 1211 1428 1246 anus,

161 1278 262 1315 quae
282 1272 340 1304 est
360 1265 465 1303 dicta
484 1270 608 1302 mater
628 1263 713 1302 esse
733 1262 769 1302 ei
788 1263 969 1310 antehac,
990 1263 1070 1301 nen
1090 1262 1162 1300 fuit
1176 1278 1186 1309 3
1509 1270 1577 1306 270

100 1345 142 1375 30
161 1343 206 1368 ea
227 1329 324 1368 o‘biit
345 1336 522 1367 mortem.
582 1329 658 1366 hoc
680 1328 763 1376 ipsa
783 1326 823 1364 in
844 1326 980 1365 itinere
1000 1327 1142 1365 alterae

161 1397 256 1433 dum
278 1394 404 1432 narrat
425 1395 523 1432 forte
543 1391 689 1431 audiui.
753 1393 894 1431 CLJT
929 1405 1029 1442 quae
1050 1399 1178 1430 namst
1198 1392 1347 1430 altera?

161 1462 193 1498 S
205 1461 243 1497 Y.
276 1472 413 1497 mane:
444 1459 520 1497 hec
541 1458 649 1508 quod
671 1456 784 1506 coepi
805 1457 974 1506 primum
996 1470 1183 1503 enarrem,
1203 1457 1395 1506 Clitipho:

161 1532 250 1575 post
283 1525 382 1562 istuc
420 1523 590 1562 ueniam.
668 1523 810 1561 CLJT.
842 1522 1017 1571 prepera.
1091 1523 1172 1560 SV.
1205 1521 1282 1559 iam
1321 1521 1489 1571 primum

376 1588 564 1635 emnium,

161 1654 228 1694 ubi
249 1653 412 1693 uentum
432 1654 484 1692 ad
503 1652 612 1692 aedis
633 1652 701 1700 est,
726 1654 878 1690 Dromo
898 1651 1022 1702 pultat
1044 1653 1143 1690 fores
1159 1666 1168 1698 3
1510 1659 1576 1696 275

102 1731 139 1763 35
161 1733 259 1758 anus
279 1718 474 1769 quaedam
494 1717 626 1768 prodit
640 1731 650 1764 3
678 1716 776 1754 haec
796 1715 864 1754 ubi
884 1715 1007 1766 aperit
1028 1715 1183 1761 (istium,

161 1785 351 1823 continuo
371 1782 435 1821 hic
456 1795 497 1821 se
518 1781 619 1820 intro
639 1780 796 1828 cenieit,
819 1793 892 1830 ego
913 1781 1157 1830 censequ01·;

160 1863 259 1887 anus
279 1848 427 1888 fetibus
448 1846 560 1886 obdit
581 1846 792 1897 pessulum,
816 1846 867 1884 ad
887 1845 1016 1883 lanam
1037 1844 1148 1883 redit.

161 1914 226 1953 hie
246 1913 333 1953 sciri
353 1913 480 1964 potuit
499 1914 567 1950 aut
587 1924 782 1961 nusquam
803 1910 906 1958 alibi,
931 1910 1070 1957 Clinia,

162 1992 243 2029 quo
263 1978 395 2017 studio
414 1977 536 2016 uitam
557 1977 668 2015 suam
689 1983 728 2014 te
748 1976 911 2014 absente
931 1973 1112 2025 exegerit,
1509 1970 1578 2004 280

101 2058 145 2090 40
163 2042 231 2082 ubi
251 2044 302 2082 de
322 2041 559 2092 inprouisost
580 2041 843 2079 interuentum
865 2039 1027 2078 mulieri.

163 2121 255 2147 nam
276 2121 323 2146 ea
341 2107 401 2145 res
420 2106 530 2145 dedit
550 2113 634 2144 tum
655 2103 917 2143 existumandi
937 2102 1092 2153 cepiam

163 2172 400 2212 cottidianae
420 2171 524 2209 uitae
545 2167 886 2215 consuetudinem,

162 2251 264 2288 quae
284 2237 504 2287 quoiusque
525 2233 726 2285 ingenium
747 2239 789 2271 ut
809 2233 857 2271 sit
877 2231 1260 2271 declarat‘maxume.

205 2341 266 2370 261
293 2338 458 2379 aspellere
476 2337 626 2377 Bentley:
653 2335 826 2376 expellere
844 2334 932 2366 codd.
1040 2335 1103 2364 266
1120 2344 1155 2365 re
1174 2343 1276 2373 eapse
1288 2332 1463 2364 Fleckeisen
1480 2344 1486 2364 :

162 2384 235 2423 ipsa
254 2393 288 2413 re
300 2381 388 2414 codd.
511 2381 576 2419 276
596 2380 705 2420 aperit
717 2379 865 2418 Bentley:
890 2377 1021 2418 aperuit
1037 2376 1124 2409 codd.
1257 2387 1317 2416 277
1335 2376 1465 2416 Bentley
1481 2388 1487 2406 ι

162 2437 199 2459 se
218 2427 306 2458 intro
320 2424 464 2457 coniecit
481 2423 569 2455 codd.
