1773 2750
779 83 999 121 ANDRIA
1478 88 1545 125 IV.
1567 97 1597 124 v

227 194 453 244 grandicula
473 193 549 232 iam
570 193 779 243 profectast
799 192 904 230 illinc
921 208 927 231 :
958 193 1157 232 clcimitent

142 261 207 305 815
229 273 291 298 me
311 260 607 309 sycophantam,
627 257 882 297 hereditatem
904 257 1084 307 persequi
1570 272 1610 294 20

227 325 465 362 mendicum.
523 330 606 361 tum
627 322 751 372 ipsam
772 321 990 372 despoliare
1010 323 1091 361 non
1111 323 1230 362 lubet.

225 389 284 426 M
290 389 328 426 Y.
359 400 383 426 o
404 388 565 438 optume
585 380 728 436 hospes
746 389 751 425 !
782 386 858 436 pol,
882 385 1002 433 Crito,
1025 386 1229 436 antiquom
1251 387 1416 427 obtines,

231 454 315 492 CR.
346 453 423 491 duc
450 465 513 490 me
540 452 589 490 ad
616 464 713 498 eam,
737 452 898 501 quando
925 452 1002 489 huc
1026 451 1127 498 ueni,
1151 458 1193 490 ut
1220 451 1388 490 uideam.
1446 454 1550 491 MV.

440 517 631 554 maxume.

227 582 323 620 DA.
355 593 495 631 sequar
515 581 586 620 hos
603 596 609 620 :
640 593 704 619 me
723 581 816 619 nolo
836 579 876 618 in
896 579 1073 631 tempore
1093 581 1169 619 hoc
1189 580 1321 620 uidez'zt
1342 593 1470 620 senex.

719 778 968 826 ACTVS
1017 780 1063 825 V

631 894 903 934 CHREMES
1013 895 1151 932 S11xro

142 1000 210 1035 820
233 998 321 1037 CH.
353 996 453 1036 Setis
474 997 551 1036 iarn
574 997 676 1045 satis,
700 997 820 1044 Simo,
840 1005 1016 1047 spectata
1036 999 1125 1048 erga
1145 1005 1183 1037 te
1203 997 1410 1037 amicitiz'tst
1431 1010 1542 1045 mea;

227 1061 318 1100 satis
338 1061 472 1112 pericli
493 1061 622 1113 incepi
642 1062 749 1102 adire
766 1078 772 1100 :
803 1062 941 1101 orzindi
961 1062 1037 1100 iam
1059 1062 1178 1102 finem
1199 1064 1294 1101 face.

229 1127 326 1164 dum
347 1127 488 1166 studeo
509 1127 675 1177 obsequi
696 1126 777 1173 tibi,
800 1139 926 1176 paene
947 1126 1063 1165 inlusi
1084 1127 1205 1166 uitam
1226 1127 1339 1165 filiae.

227 1191 292 1229 SI.
324 1191 446 1230 immo
474 1191 579 1229 enim
604 1204 710 1229 nunc
739 1203 861 1241 quom
890 1191 1071 1230 maxume
1098 1191 1168 1229 abs
1195 1198 1233 1229 te
1253 1192 1411 1241 postulo
1437 1198 1555 1241 atque

440 1256 519 1301 oro,
543 1256 742 1301 Chremes,

229 1322 269 1357 rit
290 1319 525 1358 beneficium
547 1319 676 1359 uerbis
696 1320 836 1358 initum
858 1321 1010 1359 dudum
1031 1333 1136 1358 nunc
1157 1333 1196 1358 re
1217 1320 1462 1370 comprobes.
1575 1331 1590 1362 5

141 1380 205 1425 825
232 1384 320 1423 CH.
352 1385 443 1423 uide
473 1397 591 1434 quam
621 1384 777 1435 iniquos
807 1386 857 1423 sis
892 1397 983 1435 prae
1013 1384 1166 1425 studio:
1206 1385 1301 1423 dum
1336 1384 1376 1422 id
1410 1383 1553 1422 efficias

440 1450 548 1499 qu6d
569 1449 690 1499 cupis,

226 1513 354 1564 neque
375 1515 538 1553 modum
560 1514 810 1565 benignitatis
832 1513 961 1565 neque
982 1514 1077 1565 quid
1099 1527 1161 1552 me
1181 1527 1267 1552 ores
1288 1513 1434 1564 cogitas
1450 1528 1460 1561 ,·

226 1579 316 1616 nam
338 1578 369 1617 si
390 1579 545 1629 cogites,
570 1579 743 1618 remittas
764 1579 841 1617 iam
863 1592 926 1618 me
946 1592 1106 1618 onerare
1126 1578 1285 1617 iniuriis.

226 1645 292 1683 Sl.
324 1644 496 1694 quibus?
574 1646 662 1684 CH.
692 1652 731 1683 at
764 1644 935 1695 rogitas?
977 1643 1177 1695 perpulisti
1216 1657 1290 1691 me,
1327 1646 1368 1682 tit
1402 1642 1552 1682 homini

441 1710 737 1749 adulescentulo

227 1776 266 1812 1'n
286 1775 363 1813 alio
384 1777 577 1825 occuptito
597 1789 740 1823 amore,
763 1774 987 1814 abhorrenti
1008 1775 1058 1812 ab
1079 1788 1118 1813 re
1139 1774 1281 1822 uxoria,
1576 1789 1615 1811 10

140 1846 209 1890 830
227 1840 347 1879 filiam
368 1848 410 1879 ut
430 1842 564 1880 darem
585 1842 624 1879 1'n
644 1840 880 1880 seditionem
900 1841 1018 1890 atque
1038 1839 1078 1878 in
1099 1840 1264 1878 incertas
1285 1839 1452 1890 nuptias,

226 1907 309 1944 eius
329 1905 462 1944 labore
482 1913 601 1956 atque
620 1907 703 1944 eius
725 1907 861 1945 dolore
881 1906 1000 1955 gnzito
1021 1912 1063 1943 ut
1085 1904 1299 1943 medicarer
1319 1912 1398 1943 tuo.

227 1970 463 2021 impetrasti:
494 1970 633 2020 incepi,
653 1972 748 2010 dum
769 1984 830 2009 res
851 1970 990 2009 tetulit.
1050 1983 1156 2008 nunc
1176 1983 1256 2008 non
1277 1969 1371 2008 fert:
1402 1970 1511 2008 feras

227 2037 333 2074 illam
349 2035 441 2073 hinc
457 2035 584 2074 ciuem
601 2048 686 2074 esse
701 2035 810 2074 aiunt
825 2051 834 2084 3
862 2048 958 2086 puer
974 2042 1031 2074 est
1048 2035 1161 2073 natus
1179 2050 1185 2073 :
1213 2047 1285 2073 nos
1302 2034 1440 2072 missos
1456 2035 1550 2072 face.

228 2101 294 2139 SI.
325 2100 393 2150 per
412 2113 484 2149 ego
505 2107 542 2138 te
563 2100 659 2138 deos
680 2100 759 2147 oro,
782 2108 824 2138 ut
844 2113 894 2138 ne
914 2100 987 2138 illis
1007 2099 1182 2138 :inimum
1203 2099 1366 2137 inducas
1383 2097 1553 2145 credere,
1575 2114 1613 2146 15

145 2168 208 2212 835
230 2165 371 2215 quibus
392 2164 432 2202 id
453 2178 635 2203 maxume
655 2164 795 2211 utilest,
819 2164 927 2202 illum
949 2164 1033 2203 esse
1053 2177 1171 2214 quam
1193 2162 1470 2202 deterrumum.

271 2270 334 2307 814
359 2268 555 2308 grandicula
571 2267 764 2301 Fleckeisen:
791 2268 1028 2307 grandiuscula
1045 2272 1075 2299 et
1090 2267 1322 2298 crandiuscula
1340 2270 1364 2299 Σ
1488 2267 1552 2305 819

228 2311 421 2343 Fleckeisen:
454 2311 533 2342 nolo
562 2322 614 2342 me
640 2315 664 2344 Σ
811 2314 874 2352 823
899 2322 999 2352 quom
1026 2311 1216 2343 Fleckeisen:
1250 2320 1323 2342 cum
1345 2309 1501 2341 Donatus
1525 2313 1554 2340 et

230 2355 465 2397 Eugraphius:
488 2366 586 2397 quam
603 2359 627 2388 Σ
