1773 2750
767 131 955 169 EVNVC
961 133 1001 168 H
1007 133 1068 170 VS
1515 137 1558 173 V.
1582 147 1612 172 v

243 244 325 281 SE.
358 242 453 292 quid
475 240 532 280 est
552 241 660 292 quod
681 239 884 290 trepidas?
913 240 1037 279 seitine
1059 243 1195 280 salue?
1225 243 1288 281 dic
1309 243 1415 282 mihi.

242 309 329 346 ΡΑ.
361 320 435 354 ere,
458 308 626 356 primum
648 312 686 343 te
706 304 880 343 arbitrz'tri
901 304 940 343 id
961 306 1070 354 quod
1091 319 1150 344 res
1171 305 1228 344 est
1250 307 1367 345 uelim
1387 324 1394 345 :

155 375 223 419 980
242 371 357 409 huius
378 370 571 420 quidquid
592 370 787 416 factumst,
809 370 926 419 culpa
946 383 1027 408 non
1047 371 1232 409 factumst
1252 384 1350 410 mea.

242 436 325 474 SE.
357 434 482 484 quid?
536 435 624 472 PA.
656 432 760 472 recte
781 446 874 472 sane
895 432 1164 483 interrogasti:
1195 435 1367 485 oportuit

241 512 324 538 rem
345 497 613 549 praenarrasse
633 511 707 536 me.
767 497 862 536 e'mit
882 499 1082 548 quendam
1105 498 1300 538 Phae'dria

241 564 468 601 eunuchum
507 575 625 612 quem
669 563 778 601 dono
820 563 912 600 huic
956 563 1076 601 daret.
1153 564 1235 602 SE.
1280 564 1403 614 quoi?
1475 567 1563 605 ΡΑ.

455 626 612 665 Τῇέῑᾱί.

242 694 324 732 SE.
357 693 481 730 emit?
510 690 605 742 perii
625 692 767 730 hercle.
827 691 995 741 quanti?
1049 694 1137 730 ΡΑ.
1170 692 1309 743 uiginti
1329 693 1456 733 minis.

154 761 218 805 985
241 759 322 797 SE.
359 759 539 796 actumst.
608 758 697 795 ΡΑ.
733 764 817 795 tum
850 757 1049 807 quandam
1089 756 1291 796 fidicinam
1329 767 1435 797 amat
1474 759 1566 799 hinc
1589 776 1624 807 15

455 820 642 860 Chaerea.

239 888 320 925 SE.
354 888 458 933 hem,
481 886 606 936 quid?
635 887 772 924 amat?
801 900 850 924 an
872 886 943 925 scit
963 886 1041 925 iarn
1062 888 1125 926 ille
1146 887 1243 937 quid
1264 890 1445 928 meretrix
1465 888 1566 928 siet?

238 965 289 990 an
309 951 349 989 in
370 952 455 989 aistu
476 950 613 989 uenit?
643 950 750 989 aliud
771 965 817 990 ex
837 951 914 990 alio
935 954 1081 990 malum
1102 955 1108 990 ἔ

239 1018 326 1055 PA.
359 1030 433 1062 ere,
456 1015 506 1053 ne'
527 1028 590 1053 me
610 1022 762 1065 spectes
780 1030 786 1053 :
817 1029 880 1054 me
901 1017 1099 1066 inpulsore
1120 1018 1218 1056 haec
1238 1018 1319 1057 non
1340 1018 1443 1057 facit.

240 1082 323 1120 SE.
355 1082 491 1119 omitte
511 1081 561 1118 de
582 1087 620 1118 te
640 1081 780 1119 dicere.
840 1093 912 1130 ego
933 1088 981 1128 te,
1004 1081 1170 1128 furcifer,

153 1163 222 1197 990
240 1145 271 1183 si
292 1146 386 1183 uiuo
403 1175 410 1182 .
430 1175 437 1182 .
457 1175 463 1182 .
483 1147 489 1182 ἔ
520 1145 589 1182 sed
610 1143 709 1182 istuc
730 1144 925 1194 quidquid
946 1153 1004 1184 est
1023 1145 1192 1195 primum
1215 1146 1365 1197 expedi.
1588 1156 1628 1177 20

238 1211 326 1248 ΡΑ.
359 1209 389 1248 is
410 1222 481 1260 pro
502 1210 568 1248 illo
589 1211 774 1248 eunucho
795 1211 846 1249 ad
867 1210 1062 1249 Thz'u'dem
1083 1212 1186 1250 hanc
1206 1213 1402 1251 deductus
1423 1220 1493 1251 est.

1591 391 1628 413 10

239 1276 321 1314 SE.
353 1288 424 1325 pro
437 1276 650 1314 eunuchon
666 1276 682 1313 ?
738 1276 825 1314 PA.
849 1275 904 1314 sic
920 1282 986 1314 est.
1038 1277 1145 1315 hunc
1158 1289 1229 1326 pro
1245 1278 1414 1316 moecho
1430 1278 1567 1328 postea

239 1339 509 1390 conprendere
529 1339 634 1378 intus
655 1339 693 1378 et
716 1339 988 1379 constrinxere.
1049 1342 1132 1380 SE.
1164 1341 1303 1380 occidi.

239 1406 326 1444 ΡΑ.
359 1405 564 1444 ειυόέῑοίειῐη
587 1406 834 1444 meretricum
857 1413 1000 1456 specta.
1059 1407 1141 1445 SE.
1174 1409 1270 1446 num
1291 1407 1388 1458 quid
1409 1414 1467 1446 est

152 1479 218 1516 995
239 1469 345 1509 aliud
366 1470 458 1509 mali
478 1471 665 1509 damniue
686 1471 795 1520 quod
816 1484 897 1509 non
917 1471 1059 1510 dixeris

239 1536 458 1573 relicuom?
503 1536 591 1573 PA.
615 1542 815 1573 tantumst.
866 1536 949 1573 SE.
972 1534 1084 1574 ce‘sso
1097 1537 1175 1574 huc
1188 1535 1290 1575 intro
1304 1538 1483 1587 rumpere
1496 1539 1565 1575 Ρ-

237 1602 326 1639 PA.
358 1614 440 1640 non
460 1599 665 1639 dubiumst
685 1600 781 1651 quin
802 1599 856 1638 mi
877 1601 1063 1651 maignum
1086 1616 1132 1640 ex
1152 1604 1226 1641 hac
1246 1616 1286 1641 re
1308 1604 1355 1641 sit
1376 1604 1523 1642 malum
1541 1618 1549 1650 ;

238 1664 323 1712 nisi,
347 1666 438 1715 quia
458 1678 643 1704 necessus
664 1665 736 1703 fuit
758 1666 835 1704 hoc
857 1666 994 1713 facere,
1018 1665 1058 1704 id
1078 1668 1233 1716 gaudeo

238 1729 396 1779 propte‘r
417 1743 479 1768 me
500 1730 608 1769 hisce
628 1730 778 1780 aliquid
799 1730 884 1769 esse
905 1733 1138 1770 euenturum
1160 1731 1262 1770 mali.

133 1808 223 1834 1000
240 1807 331 1832 nam
353 1794 429 1832 iaim
451 1794 519 1833 diu
539 1794 710 1845 aliquam
731 1798 890 1834 causam
912 1796 1124 1846 quaereba'tt
1145 1810 1264 1836 senex
1586 1811 1629 1843 30

240 1872 358 1908 quam
380 1859 432 1898 ob
453 1872 534 1898 rem
555 1859 705 1910 insigne
726 1859 875 1910 aliquid
896 1860 1039 1899 faiceret
1059 1860 1114 1900 eis
1131 1875 1138 1899 ε
1167 1875 1274 1900 nunc
1294 1860 1473 1912 repperit.

1588 1489 1625 1520 25

582 1975 830 2012 PvaAs
941 1976 1217 2014 PARMENO
1585 1985 1630 2022 vi

239 2061 327 2098 ΡΥ.
360 2061 589 2110 Numquam
602 2059 744 2111 edepol
757 2060 970 2111 quicquam
986 2061 1063 2100 iaim
1077 2062 1145 2101 diu
1162 2064 1271 2113 quod
1288 2062 1409 2114 maigis
1423 2065 1565 2103 uellem

455 2138 613 2163 euenire

241 2188 294 2226 mi
315 2187 446 2227 euenit
467 2202 586 2239 quam
602 2190 711 2239 quod
731 2190 853 2228 modo
874 2203 993 2230 senex
1012 2191 1114 2230 intro
1134 2191 1184 2231 aid
1205 2206 1277 2232 nos
1298 2193 1407 2232 uenit
1423 2193 1563 2233 errans.

242 2253 337 2291 mihi
359 2254 463 2292 solae
484 2253 649 2292 ridiculo
670 2254 742 2292 fuit
763 2268 863 2304 quae
884 2257 979 2305 quid
1001 2256 1153 2295 timeret
1174 2258 1334 2296 scibam.

275 2357 347 2430 330
369 2355 567 2387 Fleckeisen:
590 2358 752 2398 quidquid
780 2358 879 2389 huius
904 2359 992 2391 codd.
1136 2361 1199 2399 985
1223 2360 1304 2391 hinc
1331 2360 1478 2402 Bentley:
1512 2361 1565 2392 hic

241 2409 274 2429 co
321 2423 327 2430 .
