1773 2750
156 135 208 172 II.

231 134 277 171 iv
654 133 695 170 P.
727 133 979 171 TERENTI
1011 133 1142 170 AFRI

232 248 349 286 hocin
371 259 434 286 me
455 246 640 286 miserum
661 246 740 285 non
762 245 878 284 licere
898 245 988 283 meo
1008 245 1130 283 modo
1150 244 1350 295 ingenium
1371 245 1443 284 frui
1461 249 1467 284 l

232 313 265 351 S
275 313 314 350 Y.
346 311 469 350 immo
502 314 544 350 iit
573 318 722 361 patrem
757 318 867 348 tuom
897 308 979 348 uidi
1009 322 1093 348 esse
1122 308 1316 358 habiturn,
1344 311 1412 350 diu
1441 310 1558 349 etiam

446 376 562 414 duras
583 375 703 414 dabit.

230 442 323 480 BA.
355 439 441 491 quis
465 454 558 478 nam
587 441 651 478 hic
674 440 905 478 adulescens
933 438 990 478 est
1011 439 1077 490 qui
1104 438 1266 478 intuitur
1291 440 1394 480 nos?
1461 441 1558 479 AN.

445 506 506 551 ah,
530 503 652 543 retine
672 517 747 551 me,
770 503 958 542 obsecro!

230 571 323 609 BA.
345 570 488 608 amabo
509 568 606 619 quid
625 568 761 606 tibist?
816 568 913 607 AN.
939 568 1107 618 disperii,
1130 569 1225 619 perii
1246 569 1409 609 misera!
1463 570 1558 609 BA.

446 634 543 684 quid
563 635 725 684 stupes?

195 717 209 747 ,-
237 700 315 738 CL.
339 698 554 748 Antiphila.
611 698 707 736 AN.
729 698 876 737 uideon
898 697 1068 738 Cliniam
1091 711 1142 737 an
1162 700 1273 738 non?
1327 700 1420 738 BA.
1442 698 1562 749 quem
1580 711 1647 746 405

446 762 558 802 uides
571 765 588 801 ?

237 829 315 867 CL.
347 829 464 874 salue,
497 827 627 866 anime
656 827 721 866 mi.
783 829 880 867 AN.
912 842 935 867 o
964 828 1019 866 mi
1049 827 1187 875 Clinia,
1219 829 1338 867 salue.
1409 829 1489 868 CL.
1519 830 1561 866 iit

446 894 553 930 uales
567 894 583 930 ?

230 958 328 996 AN.
359 957 511 995 saluom
532 956 687 995 uenisse
706 958 870 1007 gaudeo.
934 959 1014 997 CL.
1045 958 1214 996 teneone
1233 964 1286 1006 te,

232 1021 445 1072 Antiphila,
470 1035 652 1060 maxume
673 1021 807 1060 animo
828 1023 1051 1072 exoptatam
1072 1023 1191 1060 meo?

234 1086 266 1124 S
276 1086 315 1124 Y.
346 1084 398 1124 ite
418 1086 519 1123 intro
534 1100 544 1133 3
573 1098 664 1124 nam
685 1098 757 1125 uos
778 1085 856 1124 iam
878 1087 1031 1125 dudum
1051 1086 1250 1137 exspectat
1269 1099 1399 1126 senex.

714 1292 952 1339 ACTVS
1004 1292 1084 1339 ΙΙΙ

527 1425 799 1464 CHREMES
912 1426 1271 1462 MENEDEMVS

236 1525 326 1563 CH.
358 1522 531 1562 Luciscit
552 1524 628 1561 hoc
648 1522 736 1561 iam.
796 1522 908 1561 cesso
929 1524 1079 1572 pultare
1100 1522 1244 1561 ostium
1583 1535 1652 1569 410

232 1586 362 1636 uicini,
386 1587 556 1638 primum
577 1600 624 1625 ex
645 1601 707 1625 me
728 1589 770 1625 tit
791 1586 887 1625 sciat
908 1586 983 1625 sibi
1002 1586 1128 1625 filium

232 1653 407 1691 redisse?
437 1651 508 1690 etsi
528 1650 824 1690 adulescentem
846 1652 923 1689 hoc
943 1652 1048 1689 nolle
1069 1650 1264 1701 intellego.

232 1720 369 1757 uerum
390 1730 511 1767 quom
534 1716 692 1755 uideam
714 1717 899 1754 miserum
922 1717 1028 1754 hunc
1048 1723 1129 1754 tam
1150 1714 1401 1754 excruciarier

195 1802 210 1832 5
232 1782 314 1821 eius
334 1781 453 1828 abitu,
476 1782 601 1820 celem
622 1788 701 1819 tam
722 1781 962 1831 insperatum
981 1779 1180 1831 gaudium,

176 2123 215 2146 10

232 1860 354 1898 quom
374 1847 429 1885 illi
448 1845 583 1896 pericli
603 1847 657 1884 nil
679 1860 725 1885 ex
746 1846 894 1885 indicio
915 1846 1016 1885 siet?
1585 1854 1650 1890 413

233 1913 339 1952 haud
359 1912 499 1951 faciam
515 1926 525 1960 5
553 1925 645 1951 nam
667 1913 776 1962 quod
795 1913 934 1963 potero
953 1911 1142 1951 adiutabo
1163 1924 1310 1951 senem.

233 1977 327 2016 item
347 1984 389 2015 ut
409 1977 534 2015 filium
556 1990 689 2016 meum
709 1978 838 2016 amico
858 1985 976 2027 atque
996 1978 1150 2028 aequali
1169 1989 1242 2015 suo

233 2044 351 2083 uideo
371 2043 558 2082 inseruire
578 2051 616 2082 et
637 2043 787 2082 socium
808 2056 893 2082 esse
912 2044 953 2082 in
972 2043 1150 2094 neg6tiis,

234 2122 306 2147 nos
327 2108 486 2158 quoque
507 2120 620 2147 senes
641 2114 699 2146 est
719 2107 889 2158 aequom
910 2107 1070 2146 senibus
1091 2106 1269 2157 obsequi.

277 2222 339 2252 401
366 2211 540 2251 ingenium
557 2210 615 2241 A.
646 2211 784 2250 ingenio
811 2213 834 2241 Σ
1155 2221 1220 2248 402
1252 2220 1298 2240 sic
1325 2208 1412 2240 codd.
1440 2213 1568 2250 praeter

236 2255 283 2287 C:
307 2266 350 2286 ex
367 2260 423 2286 tuo
440 2255 531 2285 abitu
549 2265 622 2284 cum
641 2253 669 2284 C
689 2253 886 2284 Fleckeisen:
924 2253 992 2284 uidi
1018 2254 1124 2294 partis
1149 2254 1204 2284 diu
1226 2254 1324 2284 etiam
1349 2254 1449 2283 duras
1472 2253 1564 2283 dabit

233 2299 364 2338 Bentley
378 2298 523 2330 .habitu
537 2301 598 2337 pro
613 2297 762 2327 habiturn
780 2296 922 2337 Madvig
935 2300 964 2327 et
979 2298 1094 2327 turbas
1107 2302 1170 2337 pro
1186 2297 1288 2327 duras
1305 2296 1412 2337 Betgk
1499 2305 1563 2335 405

234 2343 284 2374 Cl.
312 2345 426 2372 notam
451 2340 527 2371 add.
554 2339 660 2380 Bergk
791 2341 857 2379 408
881 2344 1074 2379 exoptatam
1102 2340 1272 2372 Famus:
1299 2344 1457 2379 exoptata
1473 2338 1562 2370 codd.

235 2395 295 2424 411
324 2395 366 2415 ex
384 2394 436 2415 me
453 2384 485 2413 A
496 2383 536 2414 2Σ
552 2395 557 2414 :
585 2394 603 2413 e
621 2393 673 2413 me
690 2382 738 2423 A,
755 2393 850 2423 quem
867 2384 1013 2423 sequitur
1026 2382 1188 2413 th'atzko
