1773 2750
637 286 1031 334 PROLOGVS.

172 426 385 477 Postquam
407 428 524 477 poeta
545 426 664 466 sensit
685 428 913 478 scripturam
937 440 1046 465 suam

169 491 218 529 ab
240 491 382 541 iniquis
404 492 601 530 obseruari
622 500 660 530 et
680 492 927 531 aduorsairios

169 569 302 606 rapere
322 558 361 594 in
382 556 555 607 peiorem
577 557 726 608 partem
757 587 1088 595 .........

169 714 658 726 .............
690 701 810 738 quam
830 689 954 726 acturi
974 701 1108 726 sumus
1125 703 1131 726 :

169 748 315 786 indicio
336 749 386 786 de
406 762 446 786 se
467 748 550 797 ipse
570 747 651 794 erit,
674 760 744 785 uos
766 747 869 785 eritis
890 747 1052 794 iudices,

133 823 149 859 5
168 813 302 851 laudin
322 826 372 850 an
392 812 488 851 uitio
508 812 599 851 dtici
620 812 660 850 id
681 813 826 850 factum
848 812 1035 862 oporteat.
1515 835 1532 865 5

167 878 578 927 Synapothnescontes
602 876 752 926 Diphili
772 876 1015 915 comoediast
1032 891 1039 915 :

167 955 254 980 eam
276 940 582 981 Commorientis
604 942 763 979 Plautus
784 941 874 979 fecit
895 941 1079 980 fabulam.

168 1006 207 1044 in
230 1007 379 1045 Graeca
398 1007 630 1045 adulescens
650 1006 719 1053 est,
742 1006 809 1056 qui
829 1006 962 1044 lenoni
983 1006 1095 1057 eripit

169 1072 412 1110 meretricem
432 1071 472 1108 in
492 1070 616 1121 prima
636 1071 789 1109 fabula:
819 1084 910 1109 eum
932 1072 1092 1109 Plautus
1113 1073 1245 1110 locum

108 1144 151 1173 10
168 1135 323 1185 reliquit
343 1135 546 1185 integrum.
605 1148 696 1173 eum
717 1135 781 1173 hic
801 1136 932 1174 locum
953 1136 1119 1185 sumpsit
1139 1136 1214 1174 sibi
1515 1158 1554 1182 10

168 1200 207 1238 in
228 1202 444 1251 Adelphos,
467 1200 633 1239 uerbum
653 1201 703 1239 de
724 1201 846 1238 uerbo
867 1213 1093 1250 expressum
1114 1201 1260 1241 extulit.

168 1280 255 1305 eam
276 1266 348 1306 nes
367 1266 490 1305 acturi
512 1267 646 1305 sumus
667 1279 812 1304 nouam
830 1282 837 1304 :
867 1266 1089 1316 pernoscite

168 1332 365 1369 furttimne
386 1332 533 1369 factum
553 1330 794 1369 existumetis
814 1331 864 1368 an
885 1332 1016 1369 locum

169 1397 405 1446 reprensum,
429 1396 496 1446 qui
517 1394 744 1446 praeteritus
765 1396 1053 1446 neclegentiast.

109 1471 147 1509 15
168 1475 259 1499 nam
280 1461 389 1511 quod
408 1461 471 1499 isti
490 1461 629 1499 dicunt
649 1460 833 1508 mffliuoh,
855 1460 1036 1500 homines
1057 1461 1199 1500 n6bi1is
1515 1481 1551 1514 15

168 1527 272 1563 hunc
293 1525 468 1564 adiutare
487 1526 732 1576 adsidueque
753 1538 831 1563 una
851 1526 1019 1564 scribere
1036 1542 1042 1564 :

166 1591 274 1640 quod
295 1590 348 1628 illi
370 1590 622 1629 maledictum
643 1588 858 1630 uehemens
878 1604 962 1630 esse
983 1593 1229 1639 existumant,

167 1668 254 1693 eam
274 1655 432 1693 laudem
452 1654 516 1693 hic
537 1655 645 1694 ducit
667 1656 904 1704 maxumam,
924 1669 1046 1706 quom
1068 1657 1141 1695 illis
1162 1659 1299 1708 placet,

167 1719 235 1769 qui
255 1719 370 1758 u6bis
390 1719 583 1758 uniuersis
604 1728 641 1759 et
662 1720 810 1770 popule
830 1722 997 1771 placent,

106 1801 150 1825 20
167 1799 334 1835 quorum
355 1785 473 1835 opera
493 1785 533 1823 in
553 1787 668 1833 bello,
692 1786 731 1824 in
752 1786 847 1834 otio,
868 1786 907 1825 in
927 1786 1086 1838 negotio
1515 1806 1555 1827 20

167 1864 239 1889 suo
259 1852 425 1900 quisque
446 1859 620 1901 tempore
641 1852 749 1890 usust
770 1852 853 1890 sine
874 1853 1065 1903 superbia.

166 1915 310 1954 dehinc
331 1928 381 1954 ne
401 1916 612 1965 expectetis
633 1917 904 1965 argumentum
927 1918 1082 1957 fabulae
1099 1933 1106 1956 z

165 1985 277 2022 senes
298 1983 365 2033 qui
385 1983 498 2033 primi
519 1983 689 2030 uenient,
711 1984 745 2022 ei
766 1992 915 2034 partem
935 1985 1120 2035 aperient,

166 2048 205 2085 in
226 2049 380 2098 agendo
400 2056 549 2098 partem
570 2049 791 2087 ostendent.
850 2049 964 2088 facite
983 2049 1268 2100 aequzinimitas

105 2177 124 2202 2
131 2175 147 2212 5
167 2157 304 2215 poetae
323 2166 375 2204 ad
395 2165 646 2205 scribendum
667 2167 805 2216 augeat
826 2166 1068 2206 industriam.
1515 2186 1550 2217 ²5

211 2245 231 2273 3
250 2238 323 2275 post
337 2235 425 2265 lmnc
436 2246 569 2265 uersum
581 2235 664 2265 duos
679 2236 805 2276 aliquos
819 2236 967 2267 excidisse
978 2238 1091 2267 statuit
1104 2237 1322 2278 Unzpsenbaclz
1412 2247 1431 2277 5
1451 2248 1493 2269 an

167 2288 232 2308 om.
251 2278 283 2307 A
302 2289 309 2308 :
332 2277 407 2309 add.
424 2278 478 2308 A²
594 2289 631 2318 15
656 2279 692 2310 F.
710 2291 717 2310 ε
742 2279 897 2310 maledici
913 2280 946 2310 A
966 2291 973 2310 z
997 2280 1228 2312 maleuolicelt.
1343 2282 1382 2311 16
1405 2282 1494 2312 hunc

167 2321 302 2359 Ritschl,
319 2332 358 2351 ex
372 2320 459 2352 Suet.
479 2321 539 2353 Vit.
559 2321 625 2354 Ter.
647 2334 653 2352 :
677 2333 753 2353 eum
763 2322 851 2355 codd.
964 2333 1000 2361 17
1019 2324 1097 2362 quid
1114 2323 1148 2352 A
1263 2334 1303 2362 24
1322 2329 1398 2365 post
1411 2325 1497 2354 lmnc

167 2366 299 2395 uersum
316 2365 472 2395 lacunam
489 2365 645 2395 indicauit
659 2365 790 2403 Bentley

1356 2428 1415 2459 18*
