1773 2750
134 129 201 166 IV.
225 129 269 164 vi
644 129 683 166 P.
718 128 971 166 TERENTI
1004 128 1136 165 AFRI

160 264 204 300 vi
427 257 605 293 THA1s
718 256 991 293 CHREMES
1104 256 1352 291 PYTfllAs

231 345 317 382 ΤΗ
351 342 481 382 Credo
508 342 693 393 equidem
723 342 832 380 illum
854 342 929 380 iam
961 342 1185 381 adfuturum
1216 354 1310 386 esse,
1334 342 1375 379 ut
1405 339 1508 379 illam
1529 354 1553 378 a

439 421 502 447 me
522 407 658 458 eripia'tt
675 423 682 445 z
713 407 796 446 sine
817 407 960 446 ueniat.

224 473 332 524 :itqui
353 473 383 511 si
405 472 511 510 illam
532 472 654 523 digito
675 471 844 522 attigerit
864 473 954 518 uno,
979 471 1082 510 oculi
1103 470 1193 509 ilico
1215 469 1464 509 ecfodientur.
1573 478 1641 513 740

225 541 349 589 usque
375 539 477 576 adeo
499 535 605 589 [ego]
627 536 729 575 illius
755 536 853 576 ferre
879 549 1042 586 possum
1069 534 1257 586 ine'ptiam
1279 542 1317 573 et
1346 534 1554 584 magnifica

439 603 573 650 uerba,

224 669 345 708 uerba
371 670 467 708 dum
497 668 575 706 sint
589 683 599 716 3
628 667 765 706 ue'rum
788 666 892 707 enim
915 666 945 706 si
972 668 1023 706 ad
1043 679 1125 705 rem
1153 666 1413 712 conferentur,
1435 663 1555 715 uz'tpu-

440 733 545 772 labit.

188 818 204 848 5
226 801 316 840 CH.
339 798 472 846 Thais,
489 812 562 848 ego
578 797 655 837 iam
673 799 825 838 dudum
843 797 907 836 hic
922 797 1074 836 adsum.
1129 797 1216 834 ΤΗ
1240 809 1263 834 o
1280 797 1334 834 mi
1351 796 1550 841 Chremes,

439 871 476 902 te
497 863 626 913 ipsum
649 862 936 913 exspectabam.

225 931 307 969 scin
328 936 368 968 tu
391 929 545 967 turbam
572 929 675 966 hanc
701 927 860 977 propter
880 933 918 965 te
948 939 1032 965 esse
1053 925 1225 964 faictam?
1255 932 1293 964 et
1312 926 1413 964 adeo
1439 926 1489 964 ad
1517 933 1554 963 te

438 992 602 1032 sittinere
623 993 725 1030 hanc

225 1060 385 1098 ornnem
406 1059 517 1096 rem?
569 1057 660 1096 CH.
689 1057 740 1095 ad
762 1057 854 1094 me?
883 1056 951 1106 qui
971 1068 1119 1106 quaeso
1139 1054 1269 1094 istuc?
1330 1056 1418 1094 ΤΗ
1450 1056 1553 1105 quia,
1576 1065 1641 1101 745

440 1124 536 1162 dum
557 1121 628 1161 tibi
649 1121 822 1160 sororem
843 1122 986 1160 studeo

225 1188 388 1228 reddere
417 1202 463 1227 ao
492 1188 706 1235 restituere,
736 1187 833 1225 haec
867 1192 985 1236 atque
1019 1185 1135 1223 huius
1170 1185 1279 1224 modi
1313 1198 1399 1224 sum
1434 1186 1557 1224 multa

467 1266 490 1291 a
557 1283 563 1290 .

228 1319 318 1358 CH.
350 1317 419 1357 tibi
440 1265 558 1356 {32³3
634 1317 721 1354 TH.
754 1314 863 1355 domi
892 1315 998 1365 apud
1028 1327 1102 1353 rne.
1169 1315 1259 1353 CH.
1291 1313 1393 1353 hem.
1468 1317 1555 1354 TH.

441 1381 537 1432 quid
558 1383 644 1420 est?

169 1463 207 1485 10
227 1447 370 1487 educta
389 1447 443 1486 ita
462 1446 519 1485 uti
538 1446 656 1496 te'que
677 1445 822 1496 illaque
843 1445 1054 1495 dignumst.
1103 1446 1194 1485 CH.
1218 1444 1314 1495 quid
1334 1447 1420 1484 ai's?
1468 1447 1555 1484 TH.

442 1513 482 1551 id
503 1512 612 1562 quod
632 1524 693 1550 res
713 1518 782 1549 est.

227 1577 330 1616 ha'mc
356 1576 427 1616 tibi
454 1578 507 1616 do
533 1577 642 1615 dono
671 1589 801 1626 neque
830 1583 965 1627 repeto
994 1589 1065 1627 pro
1092 1577 1156 1615 illa
1184 1575 1397 1627 quicquam
1424 1576 1494 1615 abs
1521 1575 1558 1614 te

442 1641 551 1692 preti.

230 1709 321 1747 CH.
353 1715 391 1746 et
425 1706 590 1746 habetur
624 1714 661 1745 et
690 1705 885 1755 referetur,
917 1707 1053 1755 Thais,
1084 1704 1188 1759 [tibi]
1223 1708 1275 1745 ita
1305 1706 1360 1745 uti
1392 1706 1558 1746 merita's
1578 1717 1647 1756 750

443 1771 573 1823 gratia.

236 1840 323 1877 ΤΗ
356 1838 395 1877 a'tt
414 1838 520 1877 enim
541 1852 648 1886 caue,
671 1851 721 1877 ne
741 1839 847 1890 prius
868 1851 986 1889 quam
1014 1839 1116 1877 hanc
1137 1851 1159 1877 a
1179 1851 1243 1877 me
1263 1837 1431 1889 accipias
1452 1837 1560 1877 amit-

444 1904 513 1950 tds,
537 1904 752 1951 Chremes3

230 1982 322 2008 nam
343 1968 440 2007 hae'c
461 1976 542 2008 east
563 1982 681 2019 quam
703 1970 814 2008 miles
835 1983 858 2008 a
878 1983 941 2008 me
961 1970 1001 2008 ui
1021 1982 1127 2009 nunc
1147 1971 1325 2020 ereptum
1346 1968 1464 2007 uenit.

174 2046 210 2078 15
230 2033 295 2072 abi
316 2036 368 2080 tu,
391 2033 594 2081 cistellam,
618 2033 787 2084 Pythias,
809 2035 932 2073 domo
953 2033 1049 2073 ecfer
1069 2047 1159 2072 cum
1181 2032 1459 2073 monumentis.

234 2100 323 2138 CH.
353 2098 474 2138 uiden
494 2106 536 2137 tu
556 2099 832 2145 illum,Tha·1·s‚
864 2100 952 2137 PY.
982 2099 1050 2138 ubi
1071 2098 1209 2138 sitast?
1262 2100 1350 2137 ΤΗ
1376 2098 1417 2137 in
1437 2099 1560 2137 risco:

446 2162 584 2202 odiosa
603 2176 742 2201 cessas.

278 2278 336 2307 741
364 2277 429 2307 ego
460 2266 529 2299 secl.
564 2266 697 2307 Bentley
838 2276 901 2307 743
939 2272 1087 2307 expecto
1120 2270 1167 2299 Σε
1208 2267 1294 2298 unde
1322 2267 1496 2299 Fleckeisen
1528 2273 1562 2299 te

231 2310 343 2351 ipsum
371 2314 497 2350 expeto
662 2319 725 2350 745
760 2320 884 2350 quaeso
915 2309 1089 2351 Bentley‘
1102 2322 1141 2342 ex
1171 2310 1280 2342 Itbris'
1341 2312 1437 2351 quasi
1469 2311 1558 2343 codd.

235 2354 380 2428 75ἕᾱῑίὺί
407 2353 496 2394 quod
515 2364 581 2385 om.
611 2356 635 2386 Σ
659 2354 730 2386 secl.
760 2353 911 2398 Bentley:
950 2354 1009 2385 tibi
1037 2355 1081 2386 ita
1109 2359 1145 2385 ut
1177 2354 1406 2397 Umpfenbach‚
1433 2354 1489 2386 sed
1513 2355 1561 2386 uti

232 2408 267 2428 co
