1773 2750
761 103 1030 141 PHORMIO
1525 106 1552 142 Ι.
1574 106 1603 142 ii

236 217 332 254 DA.
365 221 473 266 pater
510 213 592 253 e'ius
630 213 742 252 rediit
780 213 829 251 an
869 215 981 251 non?
1041 214 1132 253 GE.
1173 227 1253 252 non
1292 215 1398 253 dum.
1457 217 1541 254 DA

451 280 576 329 quid?
605 291 737 317 senem

238 345 371 395 quoad
391 342 622 394 exspectatis
642 343 848 381 udstrum?
908 343 998 382 GE.
1030 355 1111 380 non
1131 344 1280 381 certum
1302 343 1394 390 scio,

237 410 306 448 sed
327 410 532 459 epistulam
553 408 603 446 ab
624 420 671 446 eo
691 407 861 446 adlatam
883 420 967 446 esse
986 407 1122 446 audiui
1141 409 1263 446 modo

154 487 218 522 150
235 481 273 512 et
292 474 343 512 ad
363 472 568 523 p6rtit0res
589 471 672 511 esse
692 473 862 510 delatam
880 487 887 509 :
916 472 1017 510 hanc
1037 480 1180 523 petam.
1578 488 1639 511 100

234 539 330 576 DA.
363 550 457 576 num
479 538 586 587 quid,
605 537 715 584 Geta,
737 536 844 575 aliud
866 536 928 575 me
949 536 1037 575 uis?
1097 538 1187 577 GE.
1219 545 1262 575 ut
1282 537 1384 576 bene
1405 539 1451 577 si't
1473 538 1553 577 tibi.

233 615 338 653 puer,
361 603 469 641 heus.
528 614 675 640 nemon
697 602 772 640 hoc
792 601 952 652 prddit?
980 614 1088 652 cape,
1110 603 1162 640 da
1182 603 1258 641 hoc
1282 603 1439 641 D6rcio.

553 726 815 763 ANTIPHO
926 727 1225 763 PHAEDRIA
1570 728 1614 765 iii

230 813 326 850 AN.
358 802 500 851 Adeon
521 825 602 851 rem
624 813 770 851 redisse
792 820 833 850 ut
855 812 922 862 qui
943 811 996 850 mi
1017 812 1242 851 cdnsultum
1271 813 1434 863 optume
1458 815 1553 854 uelit

445 890 541 924 esse,

233 941 435 988 Phaedria,
452 950 600 992 patrem
622 950 664 981 ut
685 942 948 989 extimescam,
964 942 1031 981 ubi
1049 943 1087 980 in
1104 949 1277 981 mentem
1295 942 1377 982 eius
1393 944 1554 984 adue'nti

446 1007 578 1046 ueniat
595 1011 601 1046 1

149 1085 209 1122 155
231 1072 339 1121 qu6d
360 1071 399 1109 ni
421 1071 579 1111 fuissem
601 1072 830 1122 incdgitans,
853 1072 905 1110 ita
926 1071 1201 1122 exspectarem,
1225 1079 1267 1111 ut
1288 1072 1356 1123 par
1376 1073 1458 1112 fuit.

230 1138 322 1175 PH
355 1136 451 1187 quid
472 1136 572 1175 istuc
595 1135 718 1189 [est]?
773 1139 868 1175 AN.
901 1137 1053 1187 rogitas,
1077 1139 1144 1187 qui
1173 1145 1252 1176 tam
1280 1138 1440 1177 audacis
1467 1139 1554 1178 faci-

444 1201 548 1240 noris
569 1201 665 1239 mihi
686 1202 910 1241 cdnsciu’s?

230 1266 338 1316 qu6d
358 1266 509 1305 utinam
529 1280 580 1305 ne
602 1266 831 1306 Phdrmioni
852 1267 892 1305 id
913 1266 1076 1306 suadere
1097 1266 1137 1304 in
1157 1273 1331 1306 mentem
1352 1267 1553 1308 incidisset
1573 1281 1590 1313 5

230 1333 306 1369 neu
328 1344 391 1370 me
411 1331 600 1381 cupidum
616 1344 664 1370 eo
684 1331 897 1381 inpulisset,
913 1331 1021 1380 qudd
1038 1330 1133 1368 mihi
1149 1331 1422 1381 principiumst
1439 1334 1530 1372 mali
1546 1338 1553 1372 ἓ

230 1396 310 1434 ndn
332 1396 478 1446 potitus
499 1395 624 1435 e'ssem
642 1411 648 1434 :
678 1396 813 1434 fuisset
833 1403 917 1434 tum
938 1397 1024 1434 illos
1046 1395 1099 1433 mi
1118 1409 1232 1446 aegre
1252 1396 1414 1446 aliqudd
1434 1398 1530 1446 dies,

146 1465 211 1499 160
228 1469 267 1499 at
287 1461 368 1500 ndn
389 1460 604 1500 cottidiana
624 1474 716 1499 cura
735 1462 833 1499 haee
853 1461 1011 1511 angeret
1030 1461 1218 1499 animum.
1276 1463 1370 1500 PH.
1402 1463 1532 1502 audio.

227 1527 322 1564 AN.
352 1527 447 1564 dum
469 1525 653 1576 exspecto
674 1539 790 1576 quam
814 1539 905 1564 mox
925 1524 1057 1564 ueniat
1078 1525 1144 1576 qui
1165 1525 1313 1565 adimat
1334 1527 1435 1566 hanc
1457 1528 1551 1566 mihi

440 1591 779 1630 consuetudinem.

226 1657 318 1694 PH.
350 1655 434 1694 aliis
455 1656 547 1706 quia
567 1657 662 1695 defit
684 1657 791 1706 qudd
812 1662 945 1694 amant
966 1663 1115 1706 aegrest
1130 1670 1140 1704 3
1170 1655 1240 1695 tibi
1262 1655 1354 1706 quia
1375 1656 1549 1707 supere'st
1573 1672 1611 1694 10

441 1721 549 1759 dolet
566 1736 572 1759 :

225 1785 358 1824 amdre
378 1785 568 1832 abundas,
592 1775 780 1835 Antipho.

227 1864 317 1889 nam
339 1852 405 1889 tua
426 1850 587 1901 quidem
608 1852 738 1890 hercle
759 1850 866 1890 certo
886 1850 967 1890 uita
993 1852 1091 1890 haec
1118 1849 1337 1902 expetenda
1364 1851 1552 1902 optanda-

442 1928 519 1965 que
540 1923 608 1954 est.

144 1981 205 2027 165
226 1980 279 2019 ita
299 1980 362 2019 me
382 1980 423 2020 di
444 1980 546 2019 bene
565 1988 709 2027 ament,
733 1983 775 2020 ut
796 1981 849 2019 mi
870 1981 983 2020 liceat
1004 1981 1084 2020 tzim
1104 1981 1172 2020 diu
1193 1982 1302 2031 quod
1322 1982 1412 2021 amd
1434 1981 1517 2028 frui,

226 2045 302 2084 iam
323 2045 520 2096 depecisci
541 2047 666 2085 mdrte
687 2046 804 2096 cupio
822 2061 828 2085 :
858 2049 900 2085 tu
921 2046 1091 2085 conicito
1112 2046 1251 2094 cetera,

226 2110 321 2160 quid
351 2123 422 2160 ego
453 2110 499 2149 ex
527 2112 601 2150 hae
630 2111 763 2162 inopia
797 2125 902 2151 nune
932 2111 1084 2162 capiam
1115 2119 1152 2150 et
1182 2113 1278 2162 quid
1308 2119 1349 2151 tu
1380 2125 1425 2151 ex
1455 2112 1550 2152 istac
1573 2129 1610 2161 15

439 2175 553 2225 cdpia
570 2190 579 2223 3

272 2279 331 2317 148
356 2279 544 2318 expectatis
561 2282 605 2311 Σε
631 2280 792 2319 spectatis
810 2279 842 2309 A
995 2288 1056 2318 152
1082 2280 1145 2310 hoc
1161 2279 1195 2309 A
1216 2290 1222 2311 :
1248 2279 1314 2310 huc
1332 2283 1355 2310 Σ
1492 2289 1551 2318 155

224 2321 268 2351 sic
281 2322 313 2350 A
331 2332 336 2351 :
364 2322 407 2352 ita
425 2333 500 2353 eum
517 2328 733 2362 expectarem
749 2328 772 2354 Σ
918 2324 977 2361 156
1001 2328 1051 2353 est
1072 2323 1139 2353 secl.
1161 2322 1295 2361 Bentley
1384 2323 1550 2353 consciu's

224 2364 383 2395 Deiatsko
401 2376 407 2395 :
431 2367 584 2397 conscius
601 2367 647 2397 sis
660 2366 748 2398 codd.
