1773 2750
539 119 814 158 HEAVTON
845 120 1268 160 TIMORVMENOS
1533 125 1561 160 Ι.
1585 122 1614 159 ii

243 239 282 268 et
301 230 410 280 qudd
433 230 542 269 illum
568 229 766 268 insimulat
792 230 933 269 dtirum
958 230 997 269 id
1025 244 1104 269 non
1132 239 1189 270 est
1203 246 1213 279 ,-
1243 232 1332 269 naim
1360 241 1564 281 parentum
1584 248 1626 278 50

457 295 620 334 iniiiriae

159 375 223 412 205
244 360 358 399 unius
379 360 488 400 modi
508 367 599 399 sunt
618 358 749 408 ferme,
771 361 890 411 paulo
909 359 977 411 qui
998 359 1055 399 est
1075 362 1196 400 homo
1217 361 1426 400 tolerabilis
1443 377 1450 399 :

243 424 401 463 scorteiri
421 425 557 464 crebro
576 426 730 473 n6lunt,
749 427 889 464 nolunt
909 425 1046 464 cre'bro
1066 426 1321 473 conuiuzirier,

241 489 430 540 praebent
450 489 586 540 exigue
606 493 806 540 sfimptum
821 503 831 537 3
859 497 978 540 atque
997 491 1095 529 haec
1116 498 1206 528 sunt
1226 490 1358 529 taimen
1380 491 1432 529 ad
1454 490 1567 528 uirtu-

454 561 534 592 tem
555 554 699 593 6mnia.

241 631 377 657 uerum
397 617 550 656 zinimus
570 618 638 657 ubi
658 618 778 657 seme'l
799 632 840 657 se
860 618 1073 669 cupiditate
1093 618 1268 658 deuinxl't
1290 620 1401 666 mala,

240 681 447 729 necessest,
472 681 656 733 Clitiphcs,
679 682 842 721 consilia
861 683 1049 733 cdnsequi
1070 683 1299 721 consimilia.
1584 698 1622 728 35

157 762 224 788 210
241 745 418 784 scitlimst
438 746 627 796 periclum
647 760 694 785 ex
713 746 796 785 aliis
816 747 943 785 faeere
963 746 1033 785 tibi
1053 747 1162 797 quod
1181 761 1228 786 ex
1248 750 1321 786 usti
1341 747 1422 786 siet.

245 811 323 849 CL.
355 809 408 848 ita
427 810 556 849 credo.
619 812 708 850 CH.
740 823 812 861 ego
841 810 908 850 ibo
932 810 1024 850 hinc
1052 812 1164 858 intro,
1194 818 1236 850 ut
1265 811 1422 851 uideam
1452 812 1566 851 no‘bis

454 888 575 914 cenae
597 877 692 926 quid
713 875 795 915 siet.

239 946 291 987 tu,
315 947 357 978 ut
378 938 533 991 te'mpus
554 947 612 979 est
632 939 724 988 diei,
745 940 836 980 uide
857 940 907 980 sis
928 940 978 980 ne'
998 954 1077 992 quo
1098 940 1191 980 hine
1210 942 1327 981 abeas
1349 941 1512 992 ldngius.

733 1135 970 1182 ACTVS
1025 1136 1072 1181 ΙΙ

758 1252 1041 1290 CLITIPHO
1584 1267 1597 1303 ί

240 1347 321 1385 CL.
353 1347 485 1395 Quam
501 1345 626 1396 iniqui
647 1353 737 1384 sunt
753 1345 880 1396 patre's
902 1346 941 1384 in
962 1346 1091 1384 omnis
1107 1345 1370 1385 adulescentis
1391 1345 1539 1386 itidices
1557 1349 1563 1384 ἕ

237 1410 303 1460 qui
323 1410 492 1461 aequom
515 1410 599 1449 esse
619 1419 781 1450 censent
801 1412 873 1449 ηόε
893 1424 916 1448 a
936 1410 1064 1461 pueris
1085 1410 1175 1449 ilico
1196 1412 1303 1450 nasci
1324 1425 1436 1450 senes

151 1487 216 1525 215
236 1488 365 1524 neque
385 1474 536 1512 illarum
558 1474 698 1512 adfinis
720 1474 803 1514 e'sse
824 1488 951 1514 rerum
973 1475 1069 1525 queis
1090 1476 1161 1514 fert
1181 1475 1458 1514 adulescentia.

235 1538 412 1578 lubidine
436 1553 483 1578 ex
509 1539 579 1577 suat
605 1539 857 1578 moderantur
883 1542 988 1578 minc
1015 1553 1116 1590 quae
1142 1547 1210 1587 est,
1237 1553 1317 1578 non
1344 1553 1445 1590 quae
1467 1542 1561 1579 olim

449 1603 532 1642 fuit.

236 1668 332 1707 mihi
353 1667 384 1707 si
405 1671 593 1719 nmquam
615 1668 715 1708 filins
737 1668 818 1717 erit,
841 1683 891 1708 ne
912 1668 975 1708 ille
996 1668 1097 1708 faicili
1119 1683 1182 1708 me
1202 1672 1331 1708 utettir
1350 1677 1482 1721 patre;
1584 1680 1601 1711 5

235 1747 326 1772 narn
348 1741 385 1772 et
406 1734 671 1784 cdgnoscendi
692 1742 730 1773 et
750 1734 980 1784 ignoscendi
1002 1734 1158 1773 dabitur
1177 1736 1329 1785 peccati
1348 1736 1480 1773 locus:

234 1812 314 1836 non
336 1801 377 1836 tit
398 1807 525 1836 meust
546 1798 612 1848 qui
634 1798 729 1836 mihi
749 1812 817 1849 per
837 1799 956 1837 alium
978 1798 1149 1838 oste'ndit
1170 1812 1280 1836 suam
1301 1798 1547 1837 sententiam.

148 1878 216 1903 220
233 1862 329 1913 perii
346 1866 352 1901 !
382 1864 413 1901 is
430 1862 493 1910 mi,
513 1863 579 1902 ubi
595 1863 748 1902 adbibit
763 1865 850 1914 plus
865 1865 994 1914 paulo,
1014 1867 1084 1902 Stia
1099 1877 1200 1914 quae
1220 1871 1348 1901 narrat
1363 1863 1535 1901 faicinora
1553 1866 1560 1901 ἔ

233 1941 338 1966 nune
358 1928 411 1966 ait
436 1928 644 1978 ‘periclum
666 1942 712 1967 ex
732 1928 815 1967 siliis
836 1928 953 1967 facito
974 1927 1044 1967 tibi
1065 1929 1173 1978 quod
1195 1942 1241 1967 ex
1260 1931 1333 1965 ussi
1354 1927 1469 1966 siet':

230 1994 392 2030 astt'ttus.
455 2006 505 2031 ne
539 1991 602 2031 ille
636 1992 743 2031 haud
772 1993 844 2031 scit
872 2005 991 2043 quam
1022 1991 1118 2031 mihi
1149 2005 1255 2031 nunc
1284 1992 1402 2030 Stirdo
1431 2000 1557 2030 narret
1579 2006 1618 2029 10

446 2057 630 2095 fabulam.

231 2120 353 2171 magis
388 2124 494 2160 minc
528 2135 591 2160 me
623 2121 773 2160 amicae
806 2122 913 2161 dicta
950 2120 1151 2161 stimulant
1189 2120 1260 2160 ‘dci
1294 2120 1410 2158 mihi>
1443 2129 1560 2172 atque

448 2186 579 2225 ‘adfer
599 2185 695 2224 mihi
709 2187 717 2204 '
733 2200 741 2224 :

275 2291 339 2321 216
361 2290 558 2322 Fleckeisen:
594 2302 637 2322 ex
663 2301 724 2323 sua
752 2290 817 2323 lub.
847 2290 936 2323 codd.
1094 2301 1155 2330 217
1181 2290 1268 2322 sacili
1296 2301 1348 2321 me
1374 2301 1448 2321 cum
1474 2290 1564 2322 F2P2

230 2333 467 2408 Eugraplttlzbts:
495 2334 651 2366 facillime
668 2334 700 2364 A
721 2346 727 2365 :
752 2335 907 2366 facillimo
928 2334 988 2366 alii
1150 2345 1213 2375 219
1237 2339 1346 2366 meust
1363 2334 1536 2366 Fleckm'seu
1554 2347 1561 2364 :

231 2387 325 2408 meus
342 2388 374 2408 co
425 2402 431 2409 .
