1773 2750
762 115 984 152 ANDRIA
1501 115 1532 151 Ι.
1551 116 1597 152 iii

210 241 283 267 nec
295 227 391 278 quid
403 239 516 276 agam
532 233 729 273 certumst,
746 223 1048 275 Pamphilumne
1061 224 1236 264 adiutem
1249 238 1299 263 an
1316 226 1531 264 auscultem

424 291 518 330 seni.

124 370 192 396 210
210 356 241 395 si
261 355 370 395 illum
387 355 575 406 relinquo,
593 354 677 394 eius
697 355 800 393 uitae
816 353 936 393 timeo
950 368 960 401 3
990 354 1049 392 sin
1066 353 1246 404 opitulor,
1265 354 1379 392 huius
1396 354 1531 400 minas,
1553 370 1569 401 5

209 420 304 471 quoi
324 419 443 459 uerba
463 421 556 459 dare
575 418 793 458 difficilest:
823 418 993 469 primum
1014 418 1090 456 iam
1112 418 1162 456 de
1181 431 1314 456 amore
1334 419 1411 456 hoc
1432 419 1535 456 edm-

424 483 522 534 perit
537 499 547 531 ,-

210 562 273 588 me
293 548 466 587 infensus
487 555 625 596 seruat,
649 548 698 587 ne'
718 560 837 598 quam
857 546 998 585 faciam
1019 546 1057 584 in
1079 546 1225 597 nuptiis
1246 546 1448 585 fallaciam.

209 611 240 650 si
261 611 432 658 se'nserit,
455 611 573 662 perii:
605 609 703 663 [aut]
725 610 756 649 si
776 610 945 649 lubitum
966 609 1089 657 fuerit,
1113 623 1271 648 eausam
1292 610 1446 660 ceperit,

209 689 289 725 quo
309 675 390 715 iure
410 689 566 726 quaque
586 675 725 713 iniuria
744 674 996 726 praecipitem
1014 672 1111 726 [me]
1133 674 1171 712 in
1188 674 1394 724 pistrinum
1411 674 1531 713 dabit.

123 753 186 790 215
207 741 258 778 ad
279 739 376 778 hae'c
397 741 499 779 mala
519 741 594 779 hoc
616 739 668 778 mi
689 739 841 778 accedit
862 739 979 778 etiam
996 755 1002 778 :
1033 740 1130 777 haec
1151 729 1311 786 Andria,
1558 755 1595 777 ιο

208 804 239 843 si
261 804 333 843 ista
354 807 450 843 uxor
470 804 553 843 siue
573 806 746 852 amicast,
769 803 931 855 grauida
951 818 972 842 e
994 804 1250 853 Pamphilost.

207 871 422 920 audireque
442 877 613 908 eorumst
635 870 775 920 (sperae
796 869 962 919 pretium
983 869 1189 907 audaciam

208 936 317 984 (nam
338 933 546 984 ince'ptiost
565 933 792 981 amentium,
816 935 922 972 haud
942 933 1176 984 amantium)
1194 949 1200 972 :

207 998 401 1049 quidquid
421 998 634 1050 peperisset
654 998 912 1038 decreuerunt
933 1000 1079 1038 tdllere.

121 1077 189 1102 220
207 1071 244 1102 et
264 1064 417 1114 fingunt
437 1065 637 1114 quandam
658 1063 757 1102 inter
777 1077 818 1102 se
839 1077 943 1102 nunc
964 1064 1156 1102 falla'ciam
1555 1075 1591 1108 ¹5

206 1129 334 1168 ciuem
355 1120 527 1168 Atticam
549 1143 634 1168 esse
654 1131 755 1168 hanc
773 1145 778 1167 :
813 1129 904 1168 ‘fuit
925 1129 1018 1168 olim
1040 1130 1128 1167 ln’uc
1146 1129 1306 1179 quidam
1329 1142 1446 1168 senex

206 1194 396 1233 mercator
413 1209 420 1235 :
450 1208 592 1233 nauem
613 1194 644 1232 is
664 1194 775 1244 fre‘git
795 1196 901 1245 apud
923 1195 1103 1233 Andrum
1125 1196 1291 1232 insulam
1309 1209 1317 1241 ς

205 1259 236 1298 is
257 1259 355 1298 6biit
376 1262 566 1299 mortem.'
624 1259 677 1298 ibi
699 1268 781 1298 tum
802 1260 903 1298 hanc
924 1259 1088 1299 eiectam
1110 1259 1312 1310 Chrysidis

206 1323 355 1373 patre'm
376 1324 568 1374 recepisse
589 1324 735 1371 6rbam,
759 1337 931 1374 paruam.
990 1324 1167 1362 fabulae!

119 1400 183 1436 225
206 1388 258 1426 mi
280 1388 463 1439 equidem
486 1388 615 1427 he'rcle
635 1402 715 1428 non
736 1389 779 1427 fit
800 1388 880 1427 ueri
901 1388 1050 1436 simile3
1080 1396 1198 1439 atque
1219 1388 1311 1440 ipsis
1332 1402 1531 1428 commen·
1552 1407 1590 1428 20

419 1456 501 1492 tum
522 1455 660 1503 placet.

205 1518 274 1556 sed
297 1517 421 1568 Mysis
441 1518 492 1557 ab
513 1531 559 1556 ea
580 1517 783 1568 egreditur.
844 1526 883 1556 at
903 1531 977 1568 ego
997 1518 1089 1557 hinc
1111 1532 1174 1557 me
1194 1520 1245 1558 ad
1266 1520 1393 1558 forum
1411 1535 1417 1558 :
1454 1518 1529 1572 [ut]

204 1581 439 1621 conueniam
481 1581 743 1633 Pamphilum,
781 1596 831 1621 ne
861 1583 911 1622 de
941 1584 1014 1622 hac
1044 1597 1084 1622 re
1114 1584 1222 1634 pater
1251 1583 1528 1635 inprudentem

417 1646 611 1698 &pprimat

776 1715 820 1751 M
835 1725 859 1751 Y
873 1724 891 1752 s
906 1726 917 1751 l
933 1726 951 1752 s
1546 1712 1593 1748 iv

202 1804 362 1852 Audiui,
386 1805 576 1855 Archylis,
599 1804 676 1843 iam
697 1806 849 1844 dudum
869 1821 875 1843 :
907 1804 1092 1845 Lesbiam
1112 1807 1258 1845 adduci
1278 1806 1400 1846 iubes.

202 1871 296 1909 sane
316 1872 382 1921 pol
402 1870 467 1908 illa
488 1870 738 1909 temulentast
759 1870 897 1910 mulier
916 1878 955 1909 et
975 1871 1178 1910 temeraria

115 1951 184 1985 230
202 1934 275 1973 nec
296 1934 387 1973 satis
407 1934 526 1985 digna
545 1936 640 1985 quoi
660 1935 883 1974 committas
904 1936 1030 1985 primo
1051 1944 1163 1986 partu
1191 1936 1403 1975 mulierem.

201 2000 333 2039 taimen
353 2013 440 2038 eam
461 2000 688 2039 adducam?
716 1999 1037 2050 inportunitatem
1060 2008 1234 2051 spectate
1253 2001 1430 2041 aniculae
1449 2018 1455 2040 :

200 2066 292 2115 quia
311 2065 529 2115 compotrix
549 2065 631 2103 eius
652 2072 720 2103 est.
779 2064 829 2111 di,
853 2065 944 2103 date
964 2065 1188 2104 facilitatem
1210 2067 1374 2105 dbsecro
1545 2083 1562 2114 5

200 2130 291 2168 huic
312 2129 493 2180 pariundi
512 2137 630 2179 atque
651 2129 705 2168 ssli
725 2128 765 2167 in
785 2128 869 2167 aliis
889 2129 1020 2179 p6tius
1041 2131 1233 2179 peccandi
1254 2132 1396 2170 locum.

243 2243 307 2272 213
332 2237 388 2263 aut
404 2232 529 2264 seclusit
547 2232 693 2264 Conradt
795 2234 859 2263 216
882 2233 911 2263 si
931 2232 1134 2265 Guilelmus:
1159 2235 1229 2265 siue
1247 2238 1271 2265 Σ
1358 2245 1419 2265 221
1448 2236 1525 2267 hinc

200 2276 276 2307 add.
294 2276 426 2316 Bentley
557 2286 619 2316 225
644 2278 688 2307 mi
706 2277 861 2316 equidem
885 2277 1009 2318 sempsit
1036 2278 1214 2316 miquidem
1232 2278 1403 2309 Fleckeisen
1421 2291 1426 2309 :
1445 2280 1524 2309 mihi

200 2320 335 2359 quidem
352 2323 376 2350 Σ
466 2321 530 2351 226
555 2326 591 2351 ut
606 2320 675 2351 secl.
695 2320 843 2351 Conradt
945 2321 1008 2351 228
1032 2320 1193 2359 Archylis
1213 2321 1364 2361 Bentley:
1389 2323 1524 2355 archilis

200 2366 260 2393 aut
272 2363 420 2394 archillis
438 2368 462 2394 Σ
595 2374 657 2403 232
682 2364 876 2395 facilitatem
897 2364 944 2395 G:
970 2364 1163 2395 facultatem
1181 2368 1243 2395 call.
