1773 2750
140 87 185 124 V.
206 86 251 124 iii
631 86 670 122 P.
702 83 954 122 TERENTI
993 83 1126 120 AFRI

212 196 308 234 NA.
340 195 395 236 sic
426 195 491 245 pol
523 193 772 233 commodius
805 193 889 231 esse
924 192 962 230 in
992 191 1120 230 omnis
1150 191 1312 230 [ii-bitror
1345 204 1463 242 quam
1493 200 1535 231 ut

425 272 623 310 coeperas,

210 323 368 364 manere
388 325 515 372 hanc;
545 337 635 362 nam
657 321 895 373 perliberalis
917 323 1047 369 uisast,
1071 334 1192 371 quom
1214 321 1307 368 uidi,
1331 321 1496 360 mihi.-—
1554 324 1618 369 815

208 391 308 428 DE.
353 389 449 441 quid
478 389 577 428 istrie
609 388 806 439 negotist?
879 388 967 426 CH.
1012 387 1142 426 izimne
1176 386 1328 436 operuit
1363 387 1536 427 ostium?

422 455 522 492 DE.
554 453 643 491 iam.
705 453 794 491 CH.
827 464 851 490 o
874 451 1060 502 Itippiter,

210 518 251 557 di
280 518 352 558 nos
382 517 620 569 respiciunt:
663 518 821 567 gnatam
856 515 990 556 inueni
1024 518 1187 567 miptam
1219 529 1310 555 cum
1344 523 1412 555 tuo
1441 517 1534 557 filio.

424 585 524 622 DE.
556 584 659 630 hem,

151 669 192 700 35
212 661 291 699 quo
311 648 427 700 pzicto
445 646 523 702 [id]
540 648 697 699 potuit?
746 649 836 687 CH.
869 647 950 686 non
971 647 1063 686 satis
1084 649 1207 686 tuttist
1226 648 1276 686 ad
1297 648 1535 686 narrandum

425 714 489 751 hic
509 714 630 752 locus.

210 780 308 818 DE.
340 785 378 818 at
395 785 436 817 tu
453 780 554 816 intro
569 777 646 816 abi.
707 778 796 817 CH.
829 778 936 826 heus,
953 791 1003 817 ne
1023 777 1092 816 filii
1112 777 1297 828 equidem
1319 779 1394 817 hoc
1416 777 1535 817 nostri

426 842 637 882 resciscant
658 843 761 881 uolo.

147 950 193 988 iv
743 953 1008 990 ANT1PHo

212 1040 355 1078 Laetiis
376 1052 475 1087 sum,
498 1045 540 1078 ut
561 1051 671 1079 meae
699 1052 758 1078 res
785 1038 870 1078 se'se
897 1039 1055 1086 habent,
1079 1037 1182 1078 fratri
1212 1038 1398 1089 obtigisse
1427 1041 1535 1090 quod
1555 1045 1624 1080 820

424 1106 517 1143 uolt.

209 1181 327 1219 quam
349 1170 527 1208 scitumst
548 1168 631 1208 eius
652 1168 763 1208 modi
783 1170 821 1207 in
842 1168 976 1207 animo
997 1168 1130 1218 pareire
1151 1168 1399 1218 cupiditates.

209 1247 317 1284 quas,
340 1235 462 1284 quom
484 1248 543 1273 res
563 1233 754 1273 aduorsae
776 1233 886 1280 sient,
910 1234 1027 1283 paulo
1049 1233 1197 1272 mederi
1217 1234 1343 1284 possis
1363 1238 1369 1273 !

209 1299 272 1338 hic
294 1300 409 1338 simul
429 1306 633 1349 argentum
655 1298 832 1349 repperit,
857 1298 949 1337 curti
970 1312 1054 1337 sese
1075 1299 1274 1349 expediuit
1292 1314 1302 1348 3

172 1378 189 1409 5
209 1377 282 1414 ego
302 1365 412 1403 millo
432 1377 593 1415 possum
614 1363 789 1403 re'medio
810 1376 873 1402 me
894 1364 1078 1403 euoluere
1099 1377 1145 1402 ex
1166 1363 1225 1402 his
1246 1364 1369 1403 ttirbis

210 1428 319 1479 quin,
340 1428 371 1467 si
392 1429 468 1468 h6c
488 1431 645 1477 celetur,
668 1430 707 1467 in
729 1436 846 1476 metu,
872 1428 931 1467 sin
952 1429 1099 1480 peitefit‚
1123 1429 1162 1467 in
1185 1431 1329 1480 probro
1350 1430 1433 1469 sim.
1555 1430 1622 1475 825

209 1507 339 1544 neque
359 1493 422 1533 me'
443 1495 608 1533 domum
629 1508 734 1533 nune
756 1494 968 1544 reciperem
990 1495 1029 1533 ni
1052 1494 1105 1533 mi
1127 1495 1228 1534 e'sset
1250 1509 1338 1546 spes
1359 1496 1512 1535 ostenta

209 1558 373 1598 huitisce
393 1560 612 1599 habendae.
672 1559 740 1599 sed
760 1559 829 1599 ubi
850 1573 941 1599 narn
965 1562 1107 1599 Getam
1128 1561 1305 1600 inuenire
1326 1562 1472 1611 possim
1490 1564 1506 1600 ?

211 1621 273 1677 [ut
294 1637 426 1675 rogem
447 1626 556 1674 quod
581 1633 735 1675 tempus
764 1625 1033 1665 conueniundi
1061 1625 1178 1676 patris
1203 1639 1266 1665 me
1291 1639 1430 1677 capere
1454 1640 1537 1665 sua-

423 1687 547 1742 deat.]

160 1811 191 1837 v
556 1800 823 1839 PHonmo
934 1803 1196 1840 ANTIPHo

209 1885 302 1922 PH.
335 1884 553 1934 Argentum
574 1887 723 1937 accepi,
745 1888 887 1927 tradidi
909 1889 1041 1928 lenoni
1062 1905 1068 1927 :
1098 1889 1243 1928 abduxi
1265 1888 1479 1936 numerem,

208 1949 340 1987 curtiui
361 1949 517 2000 propria
537 1958 579 1989 ut
601 1952 793 1992 Phaedria
814 1953 1011 2003 poteretur
1024 1969 1034 2002 ,-
1064 1967 1155 1992 nam
1177 1954 1353 1993 emissast
1375 1967 1504 1992 marm.
1554 1957 1624 2001 830

207 2027 313 2053 nunc
334 2017 412 2053 tina
433 2015 528 2054 mihi
550 2030 609 2055 res
631 2017 747 2056 etiam
770 2026 886 2057 restat
908 2032 1008 2069 quae
1030 2019 1086 2058 est
1107 2019 1369 2066 conficiunda,
1393 2019 1516 2058 otium

206 2079 257 2117 ab
289 2079 449 2119 se'nibus
483 2082 534 2120 ad
568 2083 788 2133 pota'mdum
824 2091 865 2122 ut
897 2084 1064 2139 habeam
1080 2099 1090 2132 3
1133 2098 1224 2122 nam
1263 2084 1424 2134 dliquod
1463 2085 1535 2122 hos

423 2147 575 2185 sumzim
605 2148 699 2187 dies.
1245 2148 1432 2183 thfflff
1458 2155 1470 2162 “

250 2249 314 2280 818
338 2250 372 2280 id
387 2260 452 2281 om.
471 2249 505 2280 A
605 2255 711 2283 tutust
728 2251 899 2283 Fleckeisen
919 2264 925 2284 ε
950 2257 1041 2283 tutus
1059 2257 1110 2284 est
1127 2253 1214 2284 codd.
1352 2256 1416 2293 819
1439 2254 1532 2293 equi<

208 2292 285 2322 dem
302 2293 432 2334 scripsi:
458 2294 594 2333 quidem
611 2295 700 2326 codd.
845 2298 907 2335 827
934 2298 1059 2336 possim
1077 2297 1109 2326 A
1128 2309 1134 2327 :
1160 2307 1294 2336 possum
1314 2301 1337 2327 Σ
1470 2298 1533 2328 828

209 2345 341 2365 nersmn
355 2337 540 2378 pmscripsit
554 2338 726 2370 Fleckeisen
