1773 2750
88 130 188 167 1V.i
596 130 634 165 P.
668 128 919 165 TERENTI
953 128 1083 165 AFRI

177 239 256 277 SO.
289 238 383 289 perii
401 253 408 277 z
439 239 534 289 quid
549 251 621 289 ego
635 238 738 277 feci?
796 239 886 276 CH.
922 238 1113 288 Rogitas?
1169 240 1248 279 SO.
1282 241 1313 278 si
1326 240 1498 291 peccaui,

390 305 445 343 mi
465 305 667 351 Chremes,

177 368 346 407 insciens
366 368 451 407 feci.
513 369 603 407 CH.
636 369 676 407 id
697 368 883 418 equidem
904 380 988 419 eg0‚
1011 368 1043 407 si
1063 370 1104 407 tii
1127 382 1255 420 neges,
1279 370 1386 409 certe
1406 370 1501 419 scio,

120 451 159 472 20
177 440 215 471 te
236 433 466 472 inscientem
487 440 606 483 atque
630 434 907 484 inprudentem
928 434 1058 472 dicere
1078 447 1124 473 ac
1144 436 1270 474 facere
1291 435 1447 474 emnia:

176 497 233 536 tet
254 505 415 548 peccata
435 497 474 535 in
495 498 568 537 hac
589 512 629 537 re
653 497 840 537 ostendis.
900 498 992 536 nam
1014 498 1090 537 iarn
1112 499 1292 549 primum,
1316 501 1348 538 si
1368 513 1500 539 meum

175 563 382 614 imperium
403 564 564 613 exsequi
584 563 786 611 uoluisses,
810 565 1085 614 interemptam
1107 565 1293 615 opertuit,
1521 566 1588 611 635

174 629 255 667 non
276 628 459 667 simulare
479 629 646 667 mertem
667 628 807 676 uerbis,
831 629 967 680 reapse
988 643 1097 680 spem
1118 629 1222 669 uitae
1243 631 1345 670 dare.

175 693 214 731 at
234 692 274 732 id
295 692 458 731 omitto:
489 693 764 741 misericordia,
788 693 942 732 animus
963 696 1185 733 maternus:
1215 695 1312 734 sino.

117 776 154 808 25
175 758 294 808 quam
315 759 417 797 bene
437 771 532 798 uero
552 759 622 797 abs
644 758 681 798 te
704 766 992 810 prospectumst
1014 760 1123 809 quod
1143 760 1301 799 uoluisti
1321 760 1472 811 cegita:

175 822 318 873 nempe
338 836 415 861 anu
436 822 490 861 illi
512 823 667 873 predita
688 824 759 862 abs
781 831 819 862 te
840 823 955 862 filiast
975 826 1225 873 planissume,

174 886 243 936 per
262 894 300 925 te
320 888 383 926 uel
403 887 459 925 uti
482 887 690 937 quaestum
713 889 855 926 faceret
876 887 939 926 uel
960 888 1015 926 uti
1036 889 1185 927 ueniret
1205 891 1346 940 palam,
1519 892 1588 935 640

173 950 303 999 credo,
326 951 366 990 id
387 951 564 1002 cogitasti
582 966 589 990 :
623 952 803 1002 ‘quiduis
825 952 916 991 satis
937 960 995 992 est
1016 954 1110 991 dum
1132 953 1240 992 uiuat
1260 955 1405 993 modo.’

173 1018 269 1066 quid
283 1030 372 1055 curn
387 1016 461 1055 illis
474 1018 565 1068 agas
583 1017 650 1068 qui
668 1031 797 1068 neque
813 1018 872 1057 ius
889 1018 1018 1069 neque
1034 1019 1185 1057 bonum
1198 1027 1316 1070 atque
1328 1020 1498 1070 aequem

389 1082 550 1121 sciunt?

115 1163 155 1194 30
174 1146 313 1185 melius
334 1147 455 1197 peius,
479 1148 601 1198 prosit
623 1148 737 1196 obsit,
761 1150 815 1187 nil
836 1148 973 1188 uident
993 1149 1067 1188 nisi
1088 1150 1196 1199 qued
1216 1150 1334 1188 lubet.

173 1211 206 1249 S
211 1211 252 1250 Ο.
286 1212 340 1249 mi
367 1212 567 1258 Chremes,
603 1212 775 1262 peccaui,
813 1215 935 1252 fateor
952 1229 958 1251 :
999 1215 1145 1253 uincor.
1215 1228 1321 1253 nunc
1354 1215 1431 1253 hoc
1460 1221 1498 1253 te

388 1276 563 1323 ebsecro,

172 1340 321 1390 quanto
341 1348 429 1379 tuos
450 1349 508 1380 est
529 1341 682 1380 animus
705 1340 832 1395 [natu]
854 1343 1007 1392 grauior
1026 1343 1066 1381 ἑο
1084 1345 1135 1382 sz's
1155 1343 1429 1394 ignoscentior,
1518 1347 1583 1393 645

172 1407 215 1443 ut
235 1418 346 1444 meae
366 1405 551 1444 stultitiae
574 1407 613 1444 in
634 1406 780 1445 iustitia
802 1408 868 1445 tua
889 1407 936 1445 sit
957 1407 1106 1458 aliquid
1127 1408 1305 1458 praesidi.

175 1470 211 1507 C
212 1471 264 1507 H.
297 1470 444 1509 scilicet
471 1470 655 1520 equidem
691 1472 790 1509 istuc
818 1473 964 1510 factum
996 1472 1197 1523 ignescam
1212 1488 1221 1521 3
1251 1486 1398 1520 uerum,
1431 1474 1497 1512 Sd-

387 1542 514 1582 strata‚
685 1525 691 1528 ‚

113 1617 152 1650 35
173 1599 273 1638 male
294 1601 410 1638 docet
431 1607 469 1638 te
490 1599 577 1639 mea
597 1601 760 1640 facilitas
782 1603 914 1640 multa.
975 1604 1044 1641 sed
1066 1602 1165 1641 istuc
1185 1602 1380 1652 quidquid
1400 1611 1457 1641 est

172 1664 249 1713 qua
288 1665 363 1703 hoc
402 1672 649 1715 occeptumst
689 1668 806 1705 caiisa
846 1668 1016 1717 loquere.
1088 1668 1167 1706 SO.
1199 1675 1242 1705 ut
1280 1669 1420 1707 stultae
1458 1676 1496 1707 et

227 1735 230 1737 '
386 1729 524 1768 misere
545 1729 683 1769 omnes
704 1744 840 1770 sumus

171 1792 383 1843 religiosae,
405 1807 527 1844 quom
549 1794 825 1845 exponendam
846 1797 899 1835 d6
920 1796 983 1843 illi,
1008 1797 1058 1836 de
1078 1796 1200 1846 digito
1221 1796 1382 1835 anulum
1516 1795 1587 1840 650

171 1858 335 1897 detraho
356 1866 394 1897 et
413 1872 504 1898 eum
525 1860 615 1899 dico
636 1867 678 1898 ut
699 1874 778 1899 una
799 1863 889 1900 cum
910 1863 1040 1911 puella
1060 1862 1272 1912 expdneret
1289 1877 1295 1900 :

171 1924 204 1961 si
224 1930 448 1971 moreretur,
468 1938 518 1963 ne
539 1924 674 1975 expers
695 1925 813 1975 partis
834 1925 935 1964 esset
955 1927 1005 1964 de
1025 1927 1166 1965 nostris
1188 1926 1312 1965 bonis.

111 2003 154 2035 40
174 1988 264 2027 CH.
296 1989 394 2026 istuc
410 1996 514 2027 recte
533 2004 540 2027 z
570 1990 811 2028 conseruasti
827 1998 864 2029 te
881 1990 998 2041 atque
1014 1990 1130 2029 illam.
1190 1992 1269 2031 SO.
1302 1990 1333 2030 is
1354 1991 1417 2029 hic
1437 1998 1495 2030 est

384 2053 534 2091 anulus.

174 2117 264 2156 CH.
296 2118 401 2157 unde
439 2119 592 2157 habes?
665 2120 745 2158 SO.
791 2133 910 2170 quam
950 2120 1116 2159 Bacchis
1161 2133 1294 2159 secum
1332 2121 1495 2160 adduxit

386 2182 736 2231 adulescentulam,
796 2186 829 2223 S
840 2185 879 2223 Y.
911 2186 1013 2232 hem,

213 2286 277 2323 632
301 2286 328 2316 si
344 2285 377 2315 A
397 2296 404 2316 :
440 2285 504 2316 etsi
532 2289 557 2316 Σ
584 2289 612 2315 et
637 2285 808 2327 Eugraph.
945 2288 1009 2326 638
1033 2289 1122 2327 quod
1143 2288 1265 2320 Bothe:
1299 2289 1378 2328 quid
1406 2289 1496 2320 codd.

170 2329 233 2365 645
256 2327 438 2358 Dziatzko:
463 2333 590 2367 quanto
607 2333 641 2359 tu
663 2339 716 2359 me
744 2340 781 2360 es
804 2330 902 2360 annis
926 2332 1064 2370 grauior
1087 2337 1180 2362 tanto
1205 2343 1241 2363 es
1266 2332 1496 2371 ignoscentior

172 2370 302 2409 Bentley
432 2373 496 2411 649
519 2372 640 2402 misere
658 2371 829 2403 Fleckeisen
847 2384 853 2404 :
877 2374 1019 2405 miserae
1036 2374 1123 2406 codd.
