1773 2750
110 137 156 173 V.
178 137 208 173 ii
605 137 646 176 P.
679 137 931 175 TERENTI
962 138 1093 175 AFRI

130 254 159 291 ii
211 248 495 288 CLITIPHO
553 250 912 288 MENEDEMVS
970 251 1243 289 CHREMES
1299 251 1474 289 SYRvs

423 326 503 364 CL.
535 315 649 364 stane
670 327 831 364 tandem
853 325 1013 376 quaeso,
1036 326 1307 365 Menedeme?
1336 327 1378 364 iit
1401 332 1511 376 pater

177 397 257 428 tam
278 390 318 428 in
340 389 450 428 breui
471 389 599 440 spatio
619 390 780 429 6mnem
801 392 851 429 de
872 404 935 430 me
955 390 1110 430 eiecerit
1130 391 1306 429 animum
1327 390 1475 440 patris?
1528 403 1594 440 955

178 453 287 504 qu6d
322 467 413 492 nam
446 454 498 492 ob
533 455 710 493 factum?
767 455 862 505 quid
894 468 966 506 ego
999 463 1151 494 tanturn
1182 455 1336 495 sceleris
1369 455 1512 495 admisi

393 519 509 557 miser
522 521 538 557 ?

177 585 296 634 u61g0
328 583 487 622 faciunt.
545 585 650 623 ME.
682 585 763 623 scio
795 583 865 623 tibi
900 597 985 624 esse
1016 586 1094 624 hoc
1123 585 1277 636 granius
1307 587 1431 625 multo
1464 600 1510 625 ac

393 647 537 695 dunua

140 727 156 758 5
177 715 271 764 quoi
291 715 333 752 fit
351 728 361 761 3
390 727 527 752 uerum
548 726 621 764 ego
642 715 748 753 haud
770 713 899 753 minus
919 727 1032 764 aegre
1053 714 1188 765 patior,
1211 714 1251 754 id
1272 715 1339 765 qui
1360 715 1494 754 ne'scio

177 778 250 817 nec
266 777 458 817 rationem
480 778 604 829 capio,
628 778 702 816 nisi
724 779 832 829 quod
853 778 923 817 tibi
944 780 1046 818 bene
1068 793 1113 818 ex
1133 779 1266 818 anim6
1287 781 1389 819 uolo.

181 844 260 883 CL.
292 844 356 882 hic
377 850 527 894 patrem
548 850 672 882 astare
689 843 808 882 aibas.
866 844 969 882 ME.
1003 857 1152 883 eccum.
1213 845 1302 883 CH
1336 846 1431 895 quid
1449 858 1511 884 me
1530 850 1599 895 960

392 907 559 955 incusas,
583 907 788 958 Clitipho?

176 974 292 1013 huius
313 972 508 1024 quidquid
529 986 602 1023 ego
623 972 708 1020 feci,
733 972 802 1011 tibi
823 973 1004 1024 prospexi
1025 981 1063 1013 et
1083 973 1266 1014 stultitiae
1287 982 1388 1014 tuae.

177 1038 245 1077 ubi
266 1046 303 1078 te
324 1038 406 1077 uidi
426 1038 559 1077 animo
581 1037 665 1077 esse
687 1038 834 1078 omisso
855 1046 893 1078 et
914 1039 1049 1078 suauia
1069 1039 1109 1077 in
1129 1040 1349 1090 praesentia

121 1120 157 1142 10
177 1116 278 1154 quae
299 1103 428 1142 e'ssent
449 1103 573 1153 prima
593 1102 738 1142 habere
762 1117 891 1154 neque
912 1105 1116 1143 consulere
1136 1104 1175 1142 in
1197 1105 1483 1156 longit1idinem
1504 1121 1511 1144 :

177 1168 264 1219 cepi
284 1168 487 1215 rationem,
503 1169 545 1206 tit
566 1181 695 1217 neque
719 1181 850 1218 egeres
868 1167 998 1219 neque
1014 1177 1055 1207 ut
1071 1170 1170 1208 haec
1186 1183 1320 1220 posses
1337 1170 1511 1221 perdere.

177 1234 245 1273 ubi
266 1233 359 1283 quoi
381 1232 513 1272 decuit
533 1234 670 1283 primo,
695 1232 764 1271 tibi
787 1246 867 1271 non
888 1233 995 1271 licuit
1015 1246 1084 1283 per
1103 1241 1140 1272 te
1162 1234 1257 1272 mihi
1278 1236 1379 1282 dare,
1532 1237 1596 1281 965

177 1298 255 1337 abii
277 1299 327 1337 ad
348 1299 582 1349 proxumum
604 1297 674 1336 tibi
696 1298 763 1348 qui
785 1306 864 1336 erat
882 1313 888 1335 :
918 1300 954 1336 ei
974 1298 1154 1337 commisi
1175 1306 1213 1337 et
1234 1299 1392 1339 cre'didi.

177 1363 231 1402 ibi
253 1371 342 1402 tuae
363 1362 548 1401 stultitiae
569 1375 723 1412 semper
745 1361 814 1401 e'rit
835 1362 1083 1412 praesidium,
1109 1363 1294 1414 Clitipho,

123 1440 158 1472 15
177 1430 315 1476 uictus,
339 1427 514 1473 uestitus,
531 1440 611 1478 quo
632 1427 671 1465 in
693 1435 841 1466 tectum
863 1429 900 1466 te
921 1435 1107 1477 receptes.
1170 1429 1248 1468 CL.
1281 1430 1316 1468 ei
1338 1429 1432 1468 mihi
1450 1433 1456 1468 1

182 1495 270 1534 CH.
304 1493 422 1532 satius
453 1500 510 1531 est
541 1506 660 1543 quam
691 1500 728 1531 te
764 1494 848 1543 ipso
883 1494 1027 1531 herede
1059 1494 1155 1532 haec
1185 1494 1386 1544 p6ssidere
1419 1495 1512 1533 Bac-

391 1557 561 1596 chidem.

179 1625 212 1662 S
222 1625 259 1661 Y.
291 1622 473 1674 disperii:
503 1621 690 1661 scele'stus
711 1630 878 1673 quantas
899 1623 1031 1662 turbas
1052 1624 1208 1662 conciui
1229 1624 1398 1663 insciens
1416 1628 1422 1663 !
1532 1641 1601 1678 970

181 1690 261 1728 CL.
293 1688 415 1727 emori
435 1688 563 1738 cupic').
625 1689 714 1727 CH
747 1688 854 1738 prius
874 1701 1022 1739 quaeso
1043 1690 1150 1728 disce
1170 1689 1266 1740 quid
1288 1690 1335 1729 sit
1356 1692 1499 1729 uiuere.

178 1754 245 1792 tibi
267 1753 376 1800 scies,
399 1752 429 1791 si
451 1752 674 1803 displicebit
694 1754 785 1800 uita,
809 1760 892 1791 tum
914 1752 1011 1792 istoc
1032 1754 1161 1793 utitor.

119 1832 160 1854 20
179 1819 260 1857 ΞΥ.
293 1817 365 1865 ere,
401 1817 576 1856 licetne?
636 1819 725 1857 CH
758 1818 930 1868 ldquere.
990 1819 1072 1857 SY.
1103 1826 1143 1857 at
1181 1827 1277 1859 tuto.
1338 1821 1429 1859 CH
1461 1822 1514 1860 Ιό-

393 1895 522 1932 quere.
584 1883 617 1921 S
627 1883 664 1920 V.
699 1895 800 1932 quae
821 1881 930 1921 istast
950 1883 1120 1934 prauitas

178 1949 330 1998 quaeue
351 1946 569 1994 arnenfiaist,
594 1947 702 1997 quod
723 1947 885 1997 peccaui
907 1949 990 1997 ego,
1014 1948 1054 1987 id
1082 1948 1221 1988 obesse
1242 1949 1363 1989 huic?
1422 1951 1510 1991 CH

393 2011 506 2050 ilicet.

177 2078 227 2117 ne
248 2086 286 2117 te
305 2077 481 2117 admisce
501 2093 507 2116 :
538 2079 658 2116 nemo
677 2086 846 2126 accusat,
870 2079 973 2129 Syre,
997 2087 1034 2118 te
1052 2095 1058 2118 :
1089 2094 1162 2120 nec
1183 2088 1224 2119 tu
1244 2080 1349 2119 aram
1371 2081 1441 2120 tibi
1533 2099 1597 2136 975

178 2144 250 2182 nec
267 2142 510 2194 precatore'm
527 2143 682 2194 pararis.
730 2144 763 2182 S
773 2145 812 2182 Y.
842 2146 938 2194 quid
953 2145 1034 2195 agis
1051 2147 1067 2184 ?
1114 2147 1202 2185 CH
1231 2146 1285 2184 nil
1302 2147 1513 2187 susce'nseo

178 2209 250 2248 ne‘c
271 2208 341 2247 tibi
363 2222 436 2247 nec
457 2208 528 2247 tibi
541 2223 552 2256 3
582 2221 656 2247 nec
677 2221 748 2247 uos
770 2216 827 2247 est
847 2208 1017 2260 aequom
1039 2212 1147 2261 quod
1168 2212 1269 2251 facies
1291 2212 1397 2251 mihi.

220 2315 286 2354 960
310 2318 421 2344 astare
438 2313 531 2344 aibas
549 2312 693 2353 (aiebas)
713 2316 737 2343 Σ
752 2324 759 2343 :
784 2323 860 2344 esse
878 2313 991 2345 aiebas
1008 2314 1040 2344 A
1147 2317 1206 2355 961
1235 2316 1334 2348 huius
1351 2318 1512 2358 quidquid

178 2368 243 2397 ego
266 2357 462 2387 Fleckm'sen:
494 2357 658 2397 quidquid
683 2366 747 2395 ego
770 2357 870 2387 huius
894 2357 981 2388 codd.
1126 2360 1192 2398 968
1217 2365 1371 2400 receptes
1397 2366 1421 2393 Σ
1446 2363 1512 2404 (re-

179 2401 283 2440 cipias
303 2400 347 2442 G)
365 2412 371 2431 ε
397 2400 542 2440 recipies
557 2401 590 2430 A
