<?xml version="1.0" encoding="UTF-8"?>
<!DOCTYPE html PUBLIC "-//W3C//DTD XHTML 1.0 Transitional//EN"
    "http://www.w3.org/TR/xhtml1/DTD/xhtml1-transitional.dtd">
<html xmlns="http://www.w3.org/1999/xhtml" xml:lang="en" lang="en">
 <head>
  <title>
</title>
<meta http-equiv="Content-Type" content="text/html;charset=utf-8" />
  <meta name='ocr-system' content='tesseract 3.04.00' />
  <meta name='ocr-capabilities' content='ocr_page ocr_carea ocr_par ocr_line ocrx_word'/>
</head>
<body>
  <div class='ocr_page' id='page_1' title='image "./comoediaerecogno00tereuoft_0015.png"; bbox 0 0 1773 2750; ppageno 0'>
   <div class='ocr_carea' id='block_1_1' title="bbox 176 379 1497 428">
    <p class='ocr_par' dir='ltr' id='par_1_1' title="bbox 176 379 1497 428">
     <span class='ocr_line' id='line_1_1' title="bbox 176 379 1497 428; baseline -0.001 -10"><span class='ocrx_word' id='word_1_1' title='bbox 176 381 219 419; x_wconf 92' lang='lat' dir='ltr'>C.</span> <span class='ocrx_word' id='word_1_2' title='bbox 237 379 480 418; x_wconf 74' lang='lat' dir='ltr'>SVETONI</span> <span class='ocrx_word' id='word_1_3' title='bbox 498 380 851 428; x_wconf 78' lang='lat' dir='ltr'><strong>TRANQVILLI</strong></span> <span class='ocrx_word' id='word_1_4' title='bbox 869 380 1004 416; x_wconf 73' lang='lat' dir='ltr'><strong>VITA</strong></span> <span class='ocrx_word' id='word_1_5' title='bbox 1023 381 1062 417; x_wconf 87' lang='lat' dir='ltr'>P.</span> <span class='ocrx_word' id='word_1_6' title='bbox 1078 380 1331 418; x_wconf 88' lang='lat' dir='ltr'>TERENTI</span> <span class='ocrx_word' id='word_1_7' title='bbox 1350 381 1497 418; x_wconf 75' lang='lat' dir='ltr'>AFRIl</span> 
     </span>
    </p>
   </div>
   <div class='ocr_carea' id='block_1_2' title="bbox 173 504 1502 1304">
    <p class='ocr_par' dir='ltr' id='par_1_2' title="bbox 173 504 1502 1304">
     <span class='ocr_line' id='line_1_2' title="bbox 223 504 1498 549; baseline 0.001 -10"><span class='ocrx_word' id='word_1_8' title='bbox 223 507 260 540; x_wconf 85' lang='lat' dir='ltr'>P.</span> <span class='ocrx_word' id='word_1_9' title='bbox 288 507 528 540; x_wconf 81' lang='lat' dir='ltr'>TERENTIVS</span> <span class='ocrx_word' id='word_1_10' title='bbox 554 505 681 548; x_wconf 84' lang='lat' dir='ltr'><strong>AFER‚</strong></span> <span class='ocrx_word' id='word_1_11' title='bbox 710 504 940 549; x_wconf 78' lang='lat' dir='ltr'>Karthagine</span> <span class='ocrx_word' id='word_1_12' title='bbox 965 510 1084 547; x_wconf 82' lang='lat' dir='ltr'>natus,</span> <span class='ocrx_word' id='word_1_13' title='bbox 1104 504 1229 539; x_wconf 87' lang='lat' dir='ltr'>seruiit</span> <span class='ocrx_word' id='word_1_14' title='bbox 1256 506 1401 539; x_wconf 84' lang='lat' dir='ltr'>Romae</span> <span class='ocrx_word' id='word_1_15' title='bbox 1427 507 1498 540; x_wconf 90' lang='lat' dir='ltr'>Te-</span> 
     </span>
     <span class='ocr_line' id='line_1_3' title="bbox 175 562 1498 607; baseline -0.001 -10"><span class='ocrx_word' id='word_1_16' title='bbox 175 563 291 598; x_wconf 87' lang='lat' dir='ltr'>rentio</span> <span class='ocrx_word' id='word_1_17' title='bbox 327 564 477 597; x_wconf 81' lang='lat' dir='ltr'>Lucano</span> <span class='ocrx_word' id='word_1_18' title='bbox 511 562 682 606; x_wconf 80' lang='lat' dir='ltr'>senatori,</span> <span class='ocrx_word' id='word_1_19' title='bbox 713 574 735 597; x_wconf 84' lang='lat' dir='ltr'>a</span> <span class='ocrx_word' id='word_1_20' title='bbox 768 573 841 607; x_wconf 93' lang='lat' dir='ltr'>quo</span> <span class='ocrx_word' id='word_1_21' title='bbox 871 562 918 596; x_wconf 85' lang='lat' dir='ltr'>ob</span> <span class='ocrx_word' id='word_1_22' title='bbox 953 562 1140 606; x_wconf 82' lang='lat' dir='ltr'>ingenium</span> <span class='ocrx_word' id='word_1_23' title='bbox 1175 569 1210 597; x_wconf 87' lang='lat' dir='ltr'>et</span> <span class='ocrx_word' id='word_1_24' title='bbox 1238 563 1394 596; x_wconf 85' lang='lat' dir='ltr'>formam</span> <span class='ocrx_word' id='word_1_25' title='bbox 1425 574 1498 597; x_wconf 86' lang='lat' dir='ltr'>non</span> 
     </span>
     <span class='ocr_line' id='line_1_4' title="bbox 176 620 1500 663; baseline -0.001 -8"><span class='ocrx_word' id='word_1_26' title='bbox 176 621 360 655; x_wconf 79' lang='lat' dir='ltr'>institutus</span> <span class='ocrx_word' id='word_1_27' title='bbox 394 621 504 655; x_wconf 86' lang='lat' dir='ltr'>modo</span> <span class='ocrx_word' id='word_1_28' title='bbox 539 620 745 663; x_wconf 79' lang='lat' dir='ltr'><strong>liberaliter,</strong></span> <span class='ocrx_word' id='word_1_29' title='bbox 780 620 846 654; x_wconf 88' lang='lat' dir='ltr'>sed</span> <span class='ocrx_word' id='word_1_30' title='bbox 879 626 914 654; x_wconf 93' lang='lat' dir='ltr'>et</span> <span class='ocrx_word' id='word_1_31' title='bbox 948 627 1089 655; x_wconf 84' lang='lat' dir='ltr'>mature</span> <span class='ocrx_word' id='word_1_32' title='bbox 1119 632 1230 654; x_wconf 85' lang='lat' dir='ltr'>manu</span> <span class='ocrx_word' id='word_1_33' title='bbox 1265 620 1398 655; x_wconf 87' lang='lat' dir='ltr'>missus</span> <span class='ocrx_word' id='word_1_34' title='bbox 1432 627 1500 655; x_wconf 83' lang='lat' dir='ltr'>est.</span> 
     </span>
     <span class='ocr_line' id='line_1_5' title="bbox 174 678 1499 724; baseline -0.001 -11"><span class='ocrx_word' id='word_1_35' title='bbox 174 679 325 724; x_wconf 79' lang='lat' dir='ltr'>qnidam</span> <span class='ocrx_word' id='word_1_36' title='bbox 340 686 487 724; x_wconf 81' lang='lat' dir='ltr'>captum</span> <span class='ocrx_word' id='word_1_37' title='bbox 506 690 587 713; x_wconf 89' lang='lat' dir='ltr'>esse</span> <span class='ocrx_word' id='word_1_38' title='bbox 604 678 835 713; x_wconf 84' lang='lat' dir='ltr'>existimant:</span> <span class='ocrx_word' id='word_1_39' title='bbox 861 679 959 723; x_wconf 90' lang='lat' dir='ltr'>quod</span> <span class='ocrx_word' id='word_1_40' title='bbox 978 678 1053 712; x_wconf 85' lang='lat' dir='ltr'>fieri</span> <span class='ocrx_word' id='word_1_41' title='bbox 1080 679 1179 712; x_wconf 86' lang='lat' dir='ltr'>nullo</span> <span class='ocrx_word' id='word_1_42' title='bbox 1197 679 1309 712; x_wconf 88' lang='lat' dir='ltr'>modo</span> <span class='ocrx_word' id='word_1_43' title='bbox 1337 678 1499 722; x_wconf 87' lang='lat' dir='ltr'>potuisse</span> 
     </span>
     <span class='ocr_line' id='line_1_6' title="bbox 177 736 1499 780; baseline -0.002 -8"><span class='ocrx_word' id='word_1_44' title='bbox 177 738 385 772; x_wconf 80' lang='lat' dir='ltr'>Fenestella</span> <span class='ocrx_word' id='word_1_45' title='bbox 403 737 523 780; x_wconf 88' lang='lat' dir='ltr'>docet,</span> <span class='ocrx_word' id='word_1_46' title='bbox 542 748 625 771; x_wconf 91' lang='lat' dir='ltr'>cum</span> <span class='ocrx_word' id='word_1_47' title='bbox 645 736 739 771; x_wconf 87' lang='lat' dir='ltr'>inter</span> <span class='ocrx_word' id='word_1_48' title='bbox 756 737 865 771; x_wconf 88' lang='lat' dir='ltr'>finem</span> <span class='ocrx_word' id='word_1_49' title='bbox 885 736 1035 771; x_wconf 87' lang='lat' dir='ltr'>secundi</span> <span class='ocrx_word' id='word_1_50' title='bbox 1056 736 1183 771; x_wconf 85' lang='lat' dir='ltr'>Punici</span> <span class='ocrx_word' id='word_1_51' title='bbox 1202 737 1286 771; x_wconf 87' lang='lat' dir='ltr'>belli</span> <span class='ocrx_word' id='word_1_52' title='bbox 1303 744 1339 771; x_wconf 92' lang='lat' dir='ltr'>et</span> <span class='ocrx_word' id='word_1_53' title='bbox 1357 736 1499 771; x_wconf 88' lang='lat' dir='ltr'>initium</span> 
     </span>
     <span class='ocr_line' id='line_1_7' title="bbox 174 794 1499 831; baseline -0.002 -1"><span class='ocrx_word' id='word_1_54' title='bbox 174 796 267 831; x_wconf 81' lang='lat' dir='ltr'>tertii</span> <span class='ocrx_word' id='word_1_55' title='bbox 289 802 324 830; x_wconf 88' lang='lat' dir='ltr'>et</span> <span class='ocrx_word' id='word_1_56' title='bbox 351 801 458 829; x_wconf 87' lang='lat' dir='ltr'>natus</span> <span class='ocrx_word' id='word_1_57' title='bbox 486 794 532 829; x_wconf 89' lang='lat' dir='ltr'>sit</span> <span class='ocrx_word' id='word_1_58' title='bbox 558 801 593 829; x_wconf 88' lang='lat' dir='ltr'>et</span> <span class='ocrx_word' id='word_1_59' title='bbox 620 801 792 829; x_wconf 83' lang='lat' dir='ltr'>mortuus.</span> <span class='ocrx_word' id='word_1_60' title='bbox 843 806 911 829; x_wconf 89' lang='lat' dir='ltr'>nec</span> <span class='ocrx_word' id='word_1_61' title='bbox 937 795 965 829; x_wconf 86' lang='lat' dir='ltr'>si</span> <span class='ocrx_word' id='word_1_62' title='bbox 992 806 1013 828; x_wconf 87' lang='lat' dir='ltr'>a</span> <span class='ocrx_word' id='word_1_63' title='bbox 1041 794 1215 829; x_wconf 84' lang='lat' dir='ltr'>Numidis</span> <span class='ocrx_word' id='word_1_64' title='bbox 1242 802 1305 829; x_wconf 86' lang='lat' dir='ltr'>aut</span> <span class='ocrx_word' id='word_1_65' title='bbox 1333 795 1499 829; x_wconf 82' lang='lat' dir='ltr'>Gaetulis</span> 
     </span>
     <span class='ocr_line' id='line_1_8' title="bbox 173 852 1500 899; baseline -0.005 -10"><span class='ocrx_word' id='word_1_66' title='bbox 173 861 303 899; x_wconf 84' lang='lat' dir='ltr'>captus</span> <span class='ocrx_word' id='word_1_67' title='bbox 337 853 393 896; x_wconf 86' lang='lat' dir='ltr'>sit,</span> <span class='ocrx_word' id='word_1_68' title='bbox 420 854 467 887; x_wconf 82' lang='lat' dir='ltr'>ad</span> <span class='ocrx_word' id='word_1_69' title='bbox 501 852 693 887; x_wconf 87' lang='lat' dir='ltr'>dominum</span> <span class='ocrx_word' id='word_1_70' title='bbox 727 853 940 886; x_wconf 86' lang='lat' dir='ltr'>Romanum</span> <span class='ocrx_word' id='word_1_71' title='bbox 974 853 1166 897; x_wconf 83' lang='lat' dir='ltr'>peruenire</span> <span class='ocrx_word' id='word_1_72' title='bbox 1197 853 1371 898; x_wconf 84' lang='lat' dir='ltr'>potuisse,</span> <span class='ocrx_word' id='word_1_73' title='bbox 1402 853 1500 886; x_wconf 80' lang='lat' dir='ltr'>nullo</span> 
     </span>
     <span class='ocr_line' id='line_1_9' title="bbox 174 911 1499 955; baseline -0.002 -8"><span class='ocrx_word' id='word_1_74' title='bbox 174 912 396 947; x_wconf 86' lang='lat' dir='ltr'>commercio</span> <span class='ocrx_word' id='word_1_75' title='bbox 427 911 520 946; x_wconf 88' lang='lat' dir='ltr'>inter</span> <span class='ocrx_word' id='word_1_76' title='bbox 550 911 698 945; x_wconf 85' lang='lat' dir='ltr'>Italicos</span> <span class='ocrx_word' id='word_1_77' title='bbox 727 917 763 945; x_wconf 84' lang='lat' dir='ltr'>et</span> <span class='ocrx_word' id='word_1_78' title='bbox 793 911 901 945; x_wconf 88' lang='lat' dir='ltr'>Afros</span> <span class='ocrx_word' id='word_1_79' title='bbox 935 911 1004 945; x_wconf 86' lang='lat' dir='ltr'>nisi</span> <span class='ocrx_word' id='word_1_80' title='bbox 1033 918 1115 955; x_wconf 90' lang='lat' dir='ltr'>post</span> <span class='ocrx_word' id='word_1_81' title='bbox 1144 911 1307 946; x_wconf 79' lang='lat' dir='ltr'>deletam</span> <span class='ocrx_word' id='word_1_82' title='bbox 1339 912 1499 945; x_wconf 77' lang='lat' dir='ltr'>Kartha-</span> 
     </span>
     <span class='ocr_line' id='line_1_10' title="bbox 173 968 1500 1015; baseline -0.002 -11"><span class='ocrx_word' id='word_1_83' title='bbox 173 971 296 1015; x_wconf 81' lang='lat' dir='ltr'>ginem</span> <span class='ocrx_word' id='word_1_84' title='bbox 323 976 464 1015; x_wconf 83' lang='lat' dir='ltr'>coepto.</span> <span class='ocrx_word' id='word_1_85' title='bbox 514 968 574 1003; x_wconf 90' lang='lat' dir='ltr'>hic</span> <span class='ocrx_word' id='word_1_86' title='bbox 601 980 683 1003; x_wconf 88' lang='lat' dir='ltr'>cum</span> <span class='ocrx_word' id='word_1_87' title='bbox 710 969 833 1003; x_wconf 85' lang='lat' dir='ltr'>multis</span> <span class='ocrx_word' id='word_1_88' title='bbox 861 968 1048 1003; x_wconf 85' lang='lat' dir='ltr'>nobilibus</span> <span class='ocrx_word' id='word_1_89' title='bbox 1072 969 1299 1003; x_wconf 79' lang='lat' dir='ltr'>familiariter</span> <span class='ocrx_word' id='word_1_90' title='bbox 1316 969 1417 1013; x_wconf 83' lang='lat' dir='ltr'>uixit,</span> <span class='ocrx_word' id='word_1_91' title='bbox 1435 969 1500 1003; x_wconf 91' lang='lat' dir='ltr'>sed</span> 
     </span>
     <span class='ocr_line' id='line_1_11' title="bbox 174 1026 1499 1071; baseline -0.002 -9"><span class='ocrx_word' id='word_1_92' title='bbox 174 1028 333 1062; x_wconf 81' lang='lat' dir='ltr'>maxime</span> <span class='ocrx_word' id='word_1_93' title='bbox 353 1038 436 1062; x_wconf 85' lang='lat' dir='ltr'>cum</span> <span class='ocrx_word' id='word_1_94' title='bbox 456 1026 630 1071; x_wconf 82' lang='lat' dir='ltr'>Scipione</span> <span class='ocrx_word' id='word_1_95' title='bbox 648 1026 821 1061; x_wconf 79' lang='lat' dir='ltr'>Africano</span> <span class='ocrx_word' id='word_1_96' title='bbox 840 1033 875 1061; x_wconf 87' lang='lat' dir='ltr'>et</span> <span class='ocrx_word' id='word_1_97' title='bbox 901 1027 941 1061; x_wconf 89' lang='lat' dir='ltr'>C.</span> <span class='ocrx_word' id='word_1_98' title='bbox 968 1026 1106 1071; x_wconf 86' lang='lat' dir='ltr'>Laelio,</span> <span class='ocrx_word' id='word_1_99' title='bbox 1124 1026 1256 1071; x_wconf 85' lang='lat' dir='ltr'>quibus</span> <span class='ocrx_word' id='word_1_100' title='bbox 1282 1027 1395 1061; x_wconf 81' lang='lat' dir='ltr'>etiam</span> <span class='ocrx_word' id='word_1_101' title='bbox 1421 1037 1499 1060; x_wconf 88' lang='lat' dir='ltr'>cor-</span> 
     </span>
     <span class='ocr_line' id='line_1_12' title="bbox 174 1084 1502 1132; baseline -0.002 -12"><span class='ocrx_word' id='word_1_102' title='bbox 174 1086 273 1132; x_wconf 84' lang='lat' dir='ltr'>poris</span> <span class='ocrx_word' id='word_1_103' title='bbox 291 1085 410 1130; x_wconf 84' lang='lat' dir='ltr'>gratia</span> <span class='ocrx_word' id='word_1_104' title='bbox 428 1085 645 1119; x_wconf 79' lang='lat' dir='ltr'>conciliatus</span> <span class='ocrx_word' id='word_1_105' title='bbox 671 1084 910 1119; x_wconf 83' lang='lat' dir='ltr'>existimatur.</span> <span class='ocrx_word' id='word_1_106' title='bbox 960 1085 1057 1130; x_wconf 85' lang='lat' dir='ltr'>quod</span> <span class='ocrx_word' id='word_1_107' title='bbox 1083 1091 1119 1119; x_wconf 87' lang='lat' dir='ltr'>et</span> <span class='ocrx_word' id='word_1_108' title='bbox 1145 1085 1265 1129; x_wconf 87' lang='lat' dir='ltr'>ipsum</span> <span class='ocrx_word' id='word_1_109' title='bbox 1294 1084 1502 1119; x_wconf 78' lang='lat' dir='ltr'>Fenestella</span> 
     </span>
     <span class='ocr_line' id='line_1_13' title="bbox 173 1142 1500 1188; baseline -0.002 -10"><span class='ocrx_word' id='word_1_110' title='bbox 173 1145 304 1188; x_wconf 83' lang='lat' dir='ltr'>arguit,</span> <span class='ocrx_word' id='word_1_111' title='bbox 331 1143 558 1177; x_wconf 85' lang='lat' dir='ltr'>contendens</span> <span class='ocrx_word' id='word_1_112' title='bbox 585 1149 738 1187; x_wconf 84' lang='lat' dir='ltr'>utroque</span> <span class='ocrx_word' id='word_1_113' title='bbox 764 1143 941 1176; x_wconf 82' lang='lat' dir='ltr'>maiorem</span> <span class='ocrx_word' id='word_1_114' title='bbox 966 1149 1055 1176; x_wconf 79' lang='lat' dir='ltr'>natu</span> <span class='ocrx_word' id='word_1_115' title='bbox 1080 1143 1203 1177; x_wconf 82' lang='lat' dir='ltr'>fuisse.</span> <span class='ocrx_word' id='word_1_116' title='bbox 1269 1142 1438 1187; x_wconf 86' lang='lat' dir='ltr'>quamuis</span> <span class='ocrx_word' id='word_1_117' title='bbox 1464 1149 1500 1176; x_wconf 85' lang='lat' dir='ltr'>et</span> 
     </span>
     <span class='ocr_line' id='line_1_14' title="bbox 174 1200 1500 1247; baseline -0.002 -11"><span class='ocrx_word' id='word_1_118' title='bbox 174 1204 302 1247; x_wconf 84' lang='lat' dir='ltr'>Nepos</span> <span class='ocrx_word' id='word_1_119' title='bbox 320 1201 495 1247; x_wconf 76' lang='lat' dir='ltr'>aequales</span> <span class='ocrx_word' id='word_1_120' title='bbox 514 1212 643 1235; x_wconf 89' lang='lat' dir='ltr'>omnes</span> <span class='ocrx_word' id='word_1_121' title='bbox 661 1201 772 1235; x_wconf 86' lang='lat' dir='ltr'>fuisse</span> <span class='ocrx_word' id='word_1_122' title='bbox 791 1201 911 1235; x_wconf 85' lang='lat' dir='ltr'>tradat</span> <span class='ocrx_word' id='word_1_123' title='bbox 937 1207 972 1235; x_wconf 88' lang='lat' dir='ltr'>et</span> <span class='ocrx_word' id='word_1_124' title='bbox 1001 1200 1152 1235; x_wconf 87' lang='lat' dir='ltr'>Porcius</span> <span class='ocrx_word' id='word_1_125' title='bbox 1178 1201 1426 1245; x_wconf 83' lang='lat' dir='ltr'>suspicionem</span> <span class='ocrx_word' id='word_1_126' title='bbox 1454 1201 1500 1234; x_wconf 89' lang='lat' dir='ltr'>de</span> 
     </span>
     <span class='ocr_line' id='line_1_15' title="bbox 173 1259 777 1304; baseline -0.002 -10"><span class='ocrx_word' id='word_1_127' title='bbox 173 1260 439 1295; x_wconf 87' lang='lat' dir='ltr'>consuetudine</span> <span class='ocrx_word' id='word_1_128' title='bbox 458 1270 522 1304; x_wconf 88' lang='lat' dir='ltr'>per</span> <span class='ocrx_word' id='word_1_129' title='bbox 539 1260 630 1294; x_wconf 89' lang='lat' dir='ltr'>haec</span> <span class='ocrx_word' id='word_1_130' title='bbox 648 1259 777 1293; x_wconf 87' lang='lat' dir='ltr'>faciat:</span> 
     </span>
    </p>
   </div>
   <div class='ocr_carea' id='block_1_3' title="bbox 173 1333 1500 1960">
    <p class='ocr_par' dir='ltr' id='par_1_3' title="bbox 177 1333 1207 1378">
     <span class='ocr_line' id='line_1_16' title="bbox 177 1333 1207 1378; baseline 0 -10"><span class='ocrx_word' id='word_1_131' title='bbox 177 1336 276 1369; x_wconf 83' lang='lat' dir='ltr'>Dum</span> <span class='ocrx_word' id='word_1_132' title='bbox 302 1334 492 1368; x_wconf 83' lang='lat' dir='ltr'>lasciuiam</span> <span class='ocrx_word' id='word_1_133' title='bbox 518 1333 696 1368; x_wconf 81' lang='lat' dir='ltr'>nobilium</span> <span class='ocrx_word' id='word_1_134' title='bbox 722 1341 758 1368; x_wconf 89' lang='lat' dir='ltr'>et</span> <span class='ocrx_word' id='word_1_135' title='bbox 785 1334 911 1368; x_wconf 89' lang='lat' dir='ltr'>laudes</span> <span class='ocrx_word' id='word_1_136' title='bbox 937 1333 1080 1368; x_wconf 83' lang='lat' dir='ltr'>sucosas</span> <span class='ocrx_word' id='word_1_137' title='bbox 1107 1334 1207 1378; x_wconf 82' lang='lat' dir='ltr'>petit,</span> 
     </span>
    </p>

    <p class='ocr_par' dir='ltr' id='par_1_4' title="bbox 175 1391 1276 1433">
     <span class='ocr_line' id='line_1_17' title="bbox 175 1391 1276 1433; baseline -0.001 -6"><span class='ocrx_word' id='word_1_138' title='bbox 175 1393 263 1427; x_wconf 86' lang='lat' dir='ltr'>dum</span> <span class='ocrx_word' id='word_1_139' title='bbox 289 1392 451 1427; x_wconf 85' lang='lat' dir='ltr'>Africani</span> <span class='ocrx_word' id='word_1_140' title='bbox 479 1403 608 1426; x_wconf 88' lang='lat' dir='ltr'>uocem</span> <span class='ocrx_word' id='word_1_141' title='bbox 635 1392 801 1426; x_wconf 88' lang='lat' dir='ltr'>diuinam</span> <span class='ocrx_word' id='word_1_142' title='bbox 829 1391 945 1426; x_wconf 79' lang='lat' dir='ltr'>inhiat</span> <span class='ocrx_word' id='word_1_143' title='bbox 972 1392 1091 1426; x_wconf 83' lang='lat' dir='ltr'>auidis</span> <span class='ocrx_word' id='word_1_144' title='bbox 1118 1392 1276 1433; x_wconf 80' lang='lat' dir='ltr'>auribus,</span> 
     </span>
    </p>

    <p class='ocr_par' dir='ltr' id='par_1_5' title="bbox 173 1449 1500 1727">
     <span class='ocr_line' id='line_1_18' title="bbox 173 1449 1377 1495; baseline 0 -11"><span class='ocrx_word' id='word_1_145' title='bbox 173 1451 261 1485; x_wconf 82' lang='lat' dir='ltr'>dum</span> <span class='ocrx_word' id='word_1_146' title='bbox 287 1451 335 1484; x_wconf 86' lang='lat' dir='ltr'>ad</span> <span class='ocrx_word' id='word_1_147' title='bbox 362 1450 506 1483; x_wconf 87' lang='lat' dir='ltr'>Philum</span> <span class='ocrx_word' id='word_1_148' title='bbox 534 1461 572 1484; x_wconf 89' lang='lat' dir='ltr'>se</span> <span class='ocrx_word' id='word_1_149' title='bbox 598 1449 761 1484; x_wconf 85' lang='lat' dir='ltr'>cenitare</span> <span class='ocrx_word' id='word_1_150' title='bbox 786 1456 820 1484; x_wconf 89' lang='lat' dir='ltr'>et</span> <span class='ocrx_word' id='word_1_151' title='bbox 850 1449 1013 1484; x_wconf 89' lang='lat' dir='ltr'>Laelium</span> <span class='ocrx_word' id='word_1_152' title='bbox 1040 1450 1231 1495; x_wconf 87' lang='lat' dir='ltr'>pulchrum</span> <span class='ocrx_word' id='word_1_153' title='bbox 1258 1456 1377 1494; x_wconf 79' lang='lat' dir='ltr'>putat,</span> 
     </span>
     <span class='ocr_line' id='line_1_19' title="bbox 173 1508 1375 1552; baseline -0.001 -9"><span class='ocrx_word' id='word_1_154' title='bbox 173 1509 262 1543; x_wconf 87' lang='lat' dir='ltr'>dum</span> <span class='ocrx_word' id='word_1_155' title='bbox 288 1508 322 1542; x_wconf 90' lang='lat' dir='ltr'>in</span> <span class='ocrx_word' id='word_1_156' title='bbox 348 1509 534 1543; x_wconf 84' lang='lat' dir='ltr'>Albanum</span> <span class='ocrx_word' id='word_1_157' title='bbox 561 1509 688 1543; x_wconf 90' lang='lat' dir='ltr'>crebro</span> <span class='ocrx_word' id='word_1_158' title='bbox 714 1508 855 1552; x_wconf 84' lang='lat' dir='ltr'>rapitur</span> <span class='ocrx_word' id='word_1_159' title='bbox 879 1509 926 1542; x_wconf 92' lang='lat' dir='ltr'>ob</span> <span class='ocrx_word' id='word_1_160' title='bbox 953 1509 1079 1543; x_wconf 84' lang='lat' dir='ltr'>florem</span> <span class='ocrx_word' id='word_1_161' title='bbox 1105 1508 1238 1542; x_wconf 89' lang='lat' dir='ltr'>aetatis</span> <span class='ocrx_word' id='word_1_162' title='bbox 1264 1519 1375 1543; x_wconf 85' lang='lat' dir='ltr'>suae:</span> 
     </span>
     <span class='ocr_line' id='line_1_20' title="bbox 175 1565 1347 1611; baseline -0.001 -10"><span class='ocrx_word' id='word_1_163' title='bbox 175 1566 249 1601; x_wconf 86' lang='lat' dir='ltr'>suis</span> <span class='ocrx_word' id='word_1_164' title='bbox 276 1567 447 1611; x_wconf 88' lang='lat' dir='ltr'>postlatis</span> <span class='ocrx_word' id='word_1_165' title='bbox 473 1567 583 1601; x_wconf 84' lang='lat' dir='ltr'>rebus</span> <span class='ocrx_word' id='word_1_166' title='bbox 609 1566 656 1600; x_wconf 85' lang='lat' dir='ltr'>ad</span> <span class='ocrx_word' id='word_1_167' title='bbox 683 1577 864 1600; x_wconf 85' lang='lat' dir='ltr'>summam</span> <span class='ocrx_word' id='word_1_168' title='bbox 893 1565 1056 1611; x_wconf 85' lang='lat' dir='ltr'>inopiam</span> <span class='ocrx_word' id='word_1_169' title='bbox 1082 1567 1255 1601; x_wconf 82' lang='lat' dir='ltr'>redactus</span> <span class='ocrx_word' id='word_1_170' title='bbox 1281 1572 1347 1601; x_wconf 85' lang='lat' dir='ltr'>cst.</span> 
     </span>
     <span class='ocr_line' id='line_1_21' title="bbox 175 1623 1500 1670; baseline -0.001 -11"><span class='ocrx_word' id='word_1_171' title='bbox 175 1625 297 1670; x_wconf 84' lang='lat' dir='ltr'>itaque</span> <span class='ocrx_word' id='word_1_172' title='bbox 318 1636 361 1659; x_wconf 84' lang='lat' dir='ltr'>ex</span> <span class='ocrx_word' id='word_1_173' title='bbox 378 1631 577 1668; x_wconf 87' lang='lat' dir='ltr'>conspectu</span> <span class='ocrx_word' id='word_1_174' title='bbox 597 1624 761 1658; x_wconf 82' lang='lat' dir='ltr'>omnium</span> <span class='ocrx_word' id='word_1_175' title='bbox 780 1623 855 1658; x_wconf 79' lang='lat' dir='ltr'>abit</span> <span class='ocrx_word' id='word_1_176' title='bbox 874 1623 909 1658; x_wconf 88' lang='lat' dir='ltr'>in</span> <span class='ocrx_word' id='word_1_177' title='bbox 930 1624 1126 1659; x_wconf 77' lang='lat' dir='ltr'>Graeciam</span> <span class='ocrx_word' id='word_1_178' title='bbox 1152 1631 1286 1659; x_wconf 87' lang='lat' dir='ltr'>terram</span> <span class='ocrx_word' id='word_1_179' title='bbox 1312 1624 1500 1659; x_wconf 84' lang='lat' dir='ltr'>ultumam.</span> 
     </span>
     <span class='ocr_line' id='line_1_22' title="bbox 174 1682 1245 1727; baseline 0 -11"><span class='ocrx_word' id='word_1_180' title='bbox 174 1689 338 1717; x_wconf 85' lang='lat' dir='ltr'>mortuos</span> <span class='ocrx_word' id='word_1_181' title='bbox 367 1682 608 1727; x_wconf 80' lang='lat' dir='ltr'>Stymphalist</span> <span class='ocrx_word' id='word_1_182' title='bbox 633 1682 816 1717; x_wconf 81' lang='lat' dir='ltr'>Arcadiae</span> <span class='ocrx_word' id='word_1_183' title='bbox 842 1682 988 1727; x_wconf 87' lang='lat' dir='ltr'>oppido.</span> <span class='ocrx_word' id='word_1_184' title='bbox 1038 1683 1089 1717; x_wconf 85' lang='lat' dir='ltr'>nil</span> <span class='ocrx_word' id='word_1_185' title='bbox 1118 1683 1245 1717; x_wconf 85' lang='lat' dir='ltr'>Publio</span> 
     </span>
    </p>

    <p class='ocr_par' dir='ltr' id='par_1_6' title="bbox 177 1740 1056 1785">
     <span class='ocr_line' id='line_1_23' title="bbox 177 1740 1056 1785; baseline -0.001 -10"><span class='ocrx_word' id='word_1_186' title='bbox 177 1740 299 1785; x_wconf 85' lang='lat' dir='ltr'>Scipio</span> <span class='ocrx_word' id='word_1_187' title='bbox 325 1740 472 1784; x_wconf 87' lang='lat' dir='ltr'>profuit,</span> <span class='ocrx_word' id='word_1_188' title='bbox 498 1740 548 1774; x_wconf 91' lang='lat' dir='ltr'>nil</span> <span class='ocrx_word' id='word_1_189' title='bbox 575 1740 624 1774; x_wconf 92' lang='lat' dir='ltr'>illi</span> <span class='ocrx_word' id='word_1_190' title='bbox 654 1740 808 1782; x_wconf 82' lang='lat' dir='ltr'>Laelius,</span> <span class='ocrx_word' id='word_1_191' title='bbox 835 1740 885 1774; x_wconf 91' lang='lat' dir='ltr'>nil</span> <span class='ocrx_word' id='word_1_192' title='bbox 914 1741 1056 1782; x_wconf 83' lang='lat' dir='ltr'>Furius,</span> 
     </span>
    </p>

    <p class='ocr_par' dir='ltr' id='par_1_7' title="bbox 175 1798 1408 1960">
     <span class='ocr_line' id='line_1_24' title="bbox 176 1798 1262 1844; baseline 0 -11"><span class='ocrx_word' id='word_1_193' title='bbox 176 1806 249 1834; x_wconf 85' lang='lat' dir='ltr'>tres</span> <span class='ocrx_word' id='word_1_194' title='bbox 275 1811 340 1844; x_wconf 91' lang='lat' dir='ltr'>per</span> <span class='ocrx_word' id='word_1_195' title='bbox 366 1799 402 1833; x_wconf 89' lang='lat' dir='ltr'>id</span> <span class='ocrx_word' id='word_1_196' title='bbox 427 1805 571 1843; x_wconf 84' lang='lat' dir='ltr'>tempus</span> <span class='ocrx_word' id='word_1_197' title='bbox 597 1799 658 1844; x_wconf 86' lang='lat' dir='ltr'>qui</span> <span class='ocrx_word' id='word_1_198' title='bbox 686 1799 874 1842; x_wconf 83' lang='lat' dir='ltr'>agitabant</span> <span class='ocrx_word' id='word_1_199' title='bbox 902 1798 1041 1833; x_wconf 84' lang='lat' dir='ltr'>nobiles</span> <span class='ocrx_word' id='word_1_200' title='bbox 1068 1799 1262 1834; x_wconf 83' lang='lat' dir='ltr'>facillume.</span> 
     </span>
     <span class='ocr_line' id='line_1_25' title="bbox 175 1856 1408 1901; baseline 0 -11"><span class='ocrx_word' id='word_1_201' title='bbox 175 1868 300 1891; x_wconf 87' lang='lat' dir='ltr'>eorum</span> <span class='ocrx_word' id='word_1_202' title='bbox 328 1857 386 1891; x_wconf 92' lang='lat' dir='ltr'>ille</span> <span class='ocrx_word' id='word_1_203' title='bbox 412 1868 524 1901; x_wconf 85' lang='lat' dir='ltr'>opera</span> <span class='ocrx_word' id='word_1_204' title='bbox 549 1868 596 1891; x_wconf 92' lang='lat' dir='ltr'>ne</span> <span class='ocrx_word' id='word_1_205' title='bbox 622 1857 772 1891; x_wconf 88' lang='lat' dir='ltr'>domum</span> <span class='ocrx_word' id='word_1_206' title='bbox 798 1856 945 1901; x_wconf 87' lang='lat' dir='ltr'>quidem</span> <span class='ocrx_word' id='word_1_207' title='bbox 972 1857 1098 1891; x_wconf 87' lang='lat' dir='ltr'>habuit</span> <span class='ocrx_word' id='word_1_208' title='bbox 1124 1857 1408 1900; x_wconf 62' lang='lat' dir='ltr'>concinendam,</span> 
     </span>
     <span class='ocr_line' id='line_1_26' title="bbox 176 1915 1311 1960; baseline 0.001 -11"><span class='ocrx_word' id='word_1_209' title='bbox 176 1916 304 1950; x_wconf 86' lang='lat' dir='ltr'>saltem</span> <span class='ocrx_word' id='word_1_210' title='bbox 331 1921 368 1949; x_wconf 85' lang='lat' dir='ltr'>ut</span> <span class='ocrx_word' id='word_1_211' title='bbox 395 1921 503 1957; x_wconf 87' lang='lat' dir='ltr'>esset,</span> <span class='ocrx_word' id='word_1_212' title='bbox 530 1926 603 1960; x_wconf 82' lang='lat' dir='ltr'>quo</span> <span class='ocrx_word' id='word_1_213' title='bbox 628 1915 776 1949; x_wconf 75' lang='lat' dir='ltr'>referret</span> <span class='ocrx_word' id='word_1_214' title='bbox 804 1915 944 1949; x_wconf 81' lang='lat' dir='ltr'>obitum</span> <span class='ocrx_word' id='word_1_215' title='bbox 971 1915 1110 1949; x_wconf 90' lang='lat' dir='ltr'>domini</span> <span class='ocrx_word' id='word_1_216' title='bbox 1138 1916 1311 1951; x_wconf 82' lang='lat' dir='ltr'>seruolus.</span> 
     </span>
    </p>
   </div>
   <div class='ocr_carea' id='block_1_4' title="bbox 175 1989 1505 2090">
    <p class='ocr_par' dir='ltr' id='par_1_8' title="bbox 175 1989 1505 2090">
     <span class='ocr_line' id='line_1_27' title="bbox 175 1989 1505 2034; baseline 0 -11"><span class='ocrx_word' id='word_1_217' title='bbox 175 1989 320 2034; x_wconf 86' lang='lat' dir='ltr'>scripsit</span> <span class='ocrx_word' id='word_1_218' title='bbox 347 1989 559 2023; x_wconf 88' lang='lat' dir='ltr'>comoedias</span> <span class='ocrx_word' id='word_1_219' title='bbox 588 2000 658 2024; x_wconf 84' lang='lat' dir='ltr'>sex.</span> <span class='ocrx_word' id='word_1_220' title='bbox 710 2001 754 2024; x_wconf 82' lang='lat' dir='ltr'>ex</span> <span class='ocrx_word' id='word_1_221' title='bbox 777 1989 909 2034; x_wconf 83' lang='lat' dir='ltr'>quibus</span> <span class='ocrx_word' id='word_1_222' title='bbox 933 1990 1090 2034; x_wconf 87' lang='lat' dir='ltr'>primam</span> <span class='ocrx_word' id='word_1_223' title='bbox 1110 1989 1289 2024; x_wconf 85' lang='lat' dir='ltr'>Andriam</span> <span class='ocrx_word' id='word_1_224' title='bbox 1309 2001 1392 2024; x_wconf 84' lang='lat' dir='ltr'>cum</span> <span class='ocrx_word' id='word_1_225' title='bbox 1410 1990 1505 2024; x_wconf 83' lang='lat' dir='ltr'>aedi-</span> 
     </span>
     <span class='ocr_line' id='line_1_28' title="bbox 175 2047 1502 2090; baseline 0.002 -9"><span class='ocrx_word' id='word_1_226' title='bbox 175 2047 269 2082; x_wconf 87' lang='lat' dir='ltr'>libus</span> <span class='ocrx_word' id='word_1_227' title='bbox 303 2047 418 2090; x_wconf 78' lang='lat' dir='ltr'>daret,</span> <span class='ocrx_word' id='word_1_228' title='bbox 446 2047 564 2082; x_wconf 86' lang='lat' dir='ltr'>iussus</span> <span class='ocrx_word' id='word_1_229' title='bbox 598 2054 684 2083; x_wconf 87' lang='lat' dir='ltr'>ante</span> <span class='ocrx_word' id='word_1_230' title='bbox 721 2048 883 2082; x_wconf 83' lang='lat' dir='ltr'>Caecilio</span> <span class='ocrx_word' id='word_1_231' title='bbox 918 2048 1071 2083; x_wconf 83' lang='lat' dir='ltr'>recitare</span> <span class='ocrx_word' id='word_1_232' title='bbox 1103 2048 1151 2082; x_wconf 91' lang='lat' dir='ltr'>ad</span> <span class='ocrx_word' id='word_1_233' title='bbox 1187 2055 1384 2083; x_wconf 85' lang='lat' dir='ltr'>cenantem</span> <span class='ocrx_word' id='word_1_234' title='bbox 1421 2059 1502 2083; x_wconf 83' lang='lat' dir='ltr'>cnm</span> 
     </span>
    </p>
   </div>
   <div class='ocr_carea' id='block_1_5' title="bbox 174 2149 1507 2400">
    <p class='ocr_par' dir='ltr' id='par_1_9' title="bbox 174 2149 1507 2400">
     <span class='ocr_line' id='line_1_29' title="bbox 218 2149 1503 2182; baseline 0.001 -1"><span class='ocrx_word' id='word_1_235' title='bbox 218 2149 225 2166; x_wconf 87' lang='lat'>¹</span> <span class='ocrx_word' id='word_1_236' title='bbox 253 2151 341 2181; x_wconf 78' lang='lat' dir='ltr'>Cum</span> <span class='ocrx_word' id='word_1_237' title='bbox 366 2151 467 2181; x_wconf 71' lang='lat' dir='ltr'>lmms</span> <span class='ocrx_word' id='word_1_238' title='bbox 489 2150 638 2181; x_wconf 74' lang='lat' dir='ltr'>editiom&#39;s</span> <span class='ocrx_word' id='word_1_239' title='bbox 661 2151 703 2180; x_wconf 72' lang='lat' dir='ltr'>sit</span> <span class='ocrx_word' id='word_1_240' title='bbox 730 2150 914 2181; x_wconf 73' lang='lat' dir='ltr'>Terentium</span> <span class='ocrx_word' id='word_1_241' title='bbox 934 2161 998 2180; x_wconf 79' lang='lat' dir='ltr'>nou</span> <span class='ocrx_word' id='word_1_242' title='bbox 1022 2150 1223 2181; x_wconf 72' lang='lat' dir='ltr'>Suetont&#39;mn</span> <span class='ocrx_word' id='word_1_243' title='bbox 1247 2155 1307 2181; x_wconf 78' lang='lat' dir='ltr'>cml</span> <span class='ocrx_word' id='word_1_244' title='bbox 1328 2152 1503 2182; x_wconf 64' lang='lat' dir='ltr'>Domuum</span> 
     </span>
     <span class='ocr_line' id='line_1_30' title="bbox 175 2193 1501 2234; baseline 0.002 -11"><span class='ocrx_word' id='word_1_245' title='bbox 175 2204 399 2234; x_wconf 74' lang='lat' dir='ltr'>recognoscere,</span> <span class='ocrx_word' id='word_1_246' title='bbox 420 2193 493 2224; x_wconf 74' lang='lat' dir='ltr'>dedi</span> <span class='ocrx_word' id='word_1_247' title='bbox 506 2205 545 2224; x_wconf 76' lang='lat' dir='ltr'>cx</span> <span class='ocrx_word' id='word_1_248' title='bbox 561 2194 735 2224; x_wconf 74' lang='lat' dir='ltr'>reccusione</span> <span class='ocrx_word' id='word_1_249' title='bbox 750 2194 782 2224; x_wconf 84' lang='lat' dir='ltr'><em>F</em></span> <span class='ocrx_word' id='word_1_250' title='bbox 780 2194 840 2225; x_wconf 74' lang='lat' dir='ltr'>rid.</span> <span class='ocrx_word' id='word_1_251' title='bbox 860 2194 999 2225; x_wconf 75' lang='lat' dir='ltr'>Rz&#39;lschlt&#39;</span> <span class='ocrx_word' id='word_1_252' title='bbox 1016 2194 1095 2234; x_wconf 69' lang='lat' dir='ltr'>(Op.</span> <span class='ocrx_word' id='word_1_253' title='bbox 1116 2194 1200 2225; x_wconf 70' lang='lat' dir='ltr'>Phil.</span> <span class='ocrx_word' id='word_1_254' title='bbox 1223 2195 1267 2225; x_wconf 88' lang='lat' dir='ltr'>iii.</span> <span class='ocrx_word' id='word_1_255' title='bbox 1286 2205 1341 2234; x_wconf 88' lang='lat' dir='ltr'>pp.</span> <span class='ocrx_word' id='word_1_256' title='bbox 1360 2206 1501 2234; x_wconf 76' lang='lat'>204-14‚</span> 
     </span>
     <span class='ocr_line' id='line_1_31' title="bbox 174 2236 1506 2277; baseline 0 -11"><span class='ocrx_word' id='word_1_257' title='bbox 174 2236 307 2277; x_wconf 78' lang='lat' dir='ltr'>LipSt&#39;ae</span> <span class='ocrx_word' id='word_1_258' title='bbox 326 2239 421 2276; x_wconf 72' lang='lat'>1877)</span> <span class='ocrx_word' id='word_1_259' title='bbox 438 2237 583 2268; x_wconf 76' lang='lat' dir='ltr'>Suetom&#39;</span> <span class='ocrx_word' id='word_1_260' title='bbox 594 2238 703 2268; x_wconf 81' lang='lat' dir='ltr'>Vitam</span> <span class='ocrx_word' id='word_1_261' title='bbox 728 2238 867 2268; x_wconf 82' lang='lat' dir='ltr'>&#39;serenti</span> <span class='ocrx_word' id='word_1_262' title='bbox 890 2249 995 2277; x_wconf 81' lang='lat' dir='ltr'>qnam</span> <span class='ocrx_word' id='word_1_263' title='bbox 1013 2238 1130 2268; x_wconf 73' lang='lat' dir='ltr'>Aelius</span> <span class='ocrx_word' id='word_1_264' title='bbox 1146 2238 1302 2269; x_wconf 78' lang='lat' dir='ltr'>Donatus</span> <span class='ocrx_word' id='word_1_265' title='bbox 1323 2244 1506 2269; x_wconf 71' lang='lat' dir='ltr'>commento</span> 
     </span>
     <span class='ocr_line' id='line_1_32' title="bbox 175 2282 1504 2322; baseline 0.002 -12"><span class='ocrx_word' id='word_1_266' title='bbox 175 2292 236 2310; x_wconf 68' lang='lat' dir='ltr'>suo</span> <span class='ocrx_word' id='word_1_267' title='bbox 265 2282 297 2310; x_wconf 77' lang='lat' dir='ltr'>in</span> <span class='ocrx_word' id='word_1_268' title='bbox 320 2286 433 2321; x_wconf 68' lang='lat' dir='ltr'>portae</span> <span class='ocrx_word' id='word_1_269' title='bbox 452 2282 592 2320; x_wconf 77' lang='lat' dir='ltr'>fabulas</span> <span class='ocrx_word' id='word_1_270' title='bbox 615 2292 689 2312; x_wconf 77' lang='lat' dir='ltr'>cum</span> <span class='ocrx_word' id='word_1_271' title='bbox 716 2292 777 2312; x_wconf 80' lang='lat' dir='ltr'>suo</span> <span class='ocrx_word' id='word_1_272' title='bbox 803 2282 950 2312; x_wconf 73' lang='lat' dir='ltr'>auctario</span> <span class='ocrx_word' id='word_1_273' title='bbox 971 2283 1152 2322; x_wconf 76' lang='lat' dir='ltr'>praemisit.</span> <span class='ocrx_word' id='word_1_274' title='bbox 1199 2282 1342 2312; x_wconf 80' lang='lat' dir='ltr'>Duobus</span> <span class='ocrx_word' id='word_1_275' title='bbox 1369 2287 1504 2312; x_wconf 75' lang='lat' dir='ltr'>tantum</span> 
     </span>
     <span class='ocr_line' id='line_1_33' title="bbox 174 2324 1507 2366; baseline 0.003 -14"><span class='ocrx_word' id='word_1_276' title='bbox 174 2324 207 2353; x_wconf 79' lang='lat' dir='ltr'>in</span> <span class='ocrx_word' id='word_1_277' title='bbox 224 2325 306 2361; x_wconf 73' lang='lat' dir='ltr'>locis,</span> <span class='ocrx_word' id='word_1_278' title='bbox 332 2325 452 2364; x_wconf 70' lang='lat' dir='ltr'>quibus</span> <span class='ocrx_word' id='word_1_279' title='bbox 475 2325 606 2356; x_wconf 74' lang='lat' dir='ltr'>notulas</span> <span class='ocrx_word' id='word_1_280' title='bbox 629 2325 777 2366; x_wconf 73' lang='lat' dir='ltr'>apposui,</span> <span class='ocrx_word' id='word_1_281' title='bbox 805 2326 845 2355; x_wconf 81' lang='lat' dir='ltr'>ab</span> <span class='ocrx_word' id='word_1_282' title='bbox 870 2326 991 2356; x_wconf 72' lang='lat' dir='ltr'>exsmia</span> <span class='ocrx_word' id='word_1_283' title='bbox 1020 2325 1159 2356; x_wconf 70' lang='lat' dir='ltr'>Ritsclzlz&#39;</span> <span class='ocrx_word' id='word_1_284' title='bbox 1177 2325 1312 2357; x_wconf 71' lang='lat' dir='ltr'>editione</span> <span class='ocrx_word' id='word_1_285' title='bbox 1337 2325 1507 2356; x_wconf 64' lang='lat' dir='ltr'>dz&#39;sseizlsrc</span> 
     </span>
     <span class='ocr_line' id='line_1_34' title="bbox 174 2378 383 2400; baseline 0.019 -4"><span class='ocrx_word' id='word_1_286' title='bbox 174 2378 280 2398; x_wconf 76' lang='lat' dir='ltr'>ansus</span> <span class='ocrx_word' id='word_1_287' title='bbox 294 2378 383 2400; x_wconf 85' lang='lat' dir='ltr'>sum.</span> 
     </span>
    </p>
   </div>
  </div>
 </body>
</html>
