1773 2750
130 94 212 132 V.i
629 92 669 127 P.
701 89 952 126 TERENTI
983 89 1114 125 AFRI

199 215 318 252 quem
348 201 501 250 semper
530 207 568 238 te
595 212 679 238 esse
709 197 923 237 dictitasti?
981 199 1072 236 CH
1104 195 1161 236 st'.
1222 199 1302 237 SO.
1335 198 1430 248 quid
1456 200 1526 237 has

414 266 555 304 metuis
576 265 707 303 fores?

202 334 292 371 CH
329 332 556 370 conclusam
591 328 655 367 hic
684 328 814 366 habeo
841 327 1000 366 uxorem
1033 340 1202 366 saeuam.
1260 327 1397 366 uerum
1427 327 1526 367 istoc

415 409 477 434 me
497 394 659 434 nomine

200 476 247 501 eo
268 462 472 512 perperam
493 460 587 499 olim
607 458 697 506 dixi,
721 473 770 497 ne
790 472 861 497 uos
884 458 980 497 fdrte
1001 457 1254 508 inprudentes
1276 457 1366 497 soris
1545 465 1610 501 745

202 526 419 565 effuttiretis
440 526 558 576 atque
579 524 618 563 id
639 537 754 575 porro
775 523 906 573 aliqua
925 525 1021 562 uxor
1041 536 1128 561 mea
1148 524 1381 562 rescisceret.

149 609 185 631 ιο
204 593 283 630 SO.
316 591 414 629 istde
435 591 501 640 pol
522 602 594 628 nos
615 596 653 628 te
680 588 743 627 hic
770 587 947 627 inuenire
974 588 1136 626 miserae
1160 601 1377 638 numquam
1404 586 1528 638 pdtui-

418 668 515 693 mus.

203 723 293 761 CH
326 722 403 760 eho
423 722 487 760 dic
504 718 610 766 mihi,
627 717 723 769 quid
739 719 793 757 rei
814 717 921 756 tibist
938 730 1027 755 cum
1045 716 1191 755 familia
1206 718 1280 756 hac
1296 717 1402 757 unde
1419 715 1528 755 exis?

199 785 268 826 ubi
302 785 390 825 illae
424 786 543 824 sunt?
600 784 680 823 SO.
712 782 893 821 miseram
928 795 1003 821 me.
1064 783 1154 821 CH
1187 781 1290 828 hem,
1313 780 1409 832 quid
1439 783 1528 820 est?

415 850 636 889 uiudntne?
692 849 773 887 SO.
804 846 902 885 uiuit
922 846 1049 897 gnata.

200 923 363 954 matrem
385 916 510 964 ipsam
530 927 577 952 ex
596 911 839 963 aegritudine
856 912 929 949 hac
947 923 1050 950 mors
1068 911 1248 949 miseram
1265 912 1524 949 consecutast.
1547 920 1615 957 750

202 982 292 1020 CH.
325 980 427 1018 male
456 978 613 1017 factum.
673 977 754 1016 SO.
786 989 860 1027 ego
886 982 1030 1023 autem,
1053 988 1154 1026 quae
1184 974 1310 1014 essem
1339 988 1437 1014 anus
1463 975 1528 1014 de-

416 1043 517 1082 serta
536 1055 654 1094 egens
675 1042 819 1092 ignota,

144 1121 182 1154 25
202 1117 243 1148 ut
264 1109 374 1160 pdtui
394 1115 563 1159 nuptum
583 1107 774 1158 uirginem
795 1105 923 1145 locaui
944 1105 1035 1145 huic
1056 1104 1310 1152 adulescenti,

200 1176 339 1214 harum
360 1173 427 1226 qui
457 1181 516 1213 est
542 1172 727 1212 dominus
754 1171 924 1212 aedium.
985 1172 1076 1212 CH
1108 1170 1389 1222 Antiphdnin?
1445 1171 1525 1210 SO.

416 1238 479 1277 isti
499 1240 657 1288 inquam
678 1236 762 1287 ipsi.

202 1306 292 1345 CH
325 1304 450 1355 quid?
479 1303 630 1343 dua‘sne
650 1315 788 1341 uxores
809 1301 960 1341 habet?
1017 1302 1097 1341 SO.
1129 1314 1188 1348 au,
1213 1300 1388 1348 obsecro,
1408 1301 1527 1339 unam

414 1369 478 1408 ille
499 1368 683 1420 equidem
704 1369 806 1405 hanc
827 1367 961 1406 solam.

201 1435 291 1474 CH
323 1433 419 1485 quid
440 1433 546 1473 illam
573 1433 733 1472 alteram
760 1445 862 1482 quae
892 1431 1035 1471 dicitur
1065 1431 1261 1482 cognata?
1318 1431 1397 1470 SO.
1430 1431 1527 1469 haec
1547 1443 1611 1481 755

415 1506 552 1549 ergost.
614 1499 705 1537 CH
737 1498 833 1548 quid
853 1499 942 1535 a'1's?

200 1565 279 1604 So.
312 1563 534 1614 composito
568 1564 761 1609 factumst,
794 1562 874 1612 quo
909 1562 1029 1601 modo
1067 1563 1170 1601 hanc
1208 1560 1345 1600 amans
1384 1560 1529 1600 habere

415 1629 548 1679 posset

142 1710 182 1741 30
201 1694 285 1734 sine
304 1694 407 1734 dote.
469 1695 561 1733 CH
592 1692 633 1733 di
654 1692 826 1732 uostram
847 1693 978 1740 fidem,
996 1706 1114 1743 quam
1132 1691 1248 1743 saepe
1268 1693 1366 1731 forte
1382 1689 1528 1730 temere

200 1758 389 1799 eueniunt
409 1772 510 1810 quae
531 1772 611 1798 non
632 1759 778 1798 audeas
800 1758 933 1808 optare
951 1761 957 1796 1
989 1757 1136 1797 offendi
1157 1756 1375 1797 adueniens

198 1826 372 1875 quocum
393 1823 577 1862 uolebam
599 1830 637 1862 et
657 1825 699 1862 ut
721 1823 904 1862 uolebam
927 1822 1047 1862 filiam
1070 1823 1238 1862 locatam
1259 1838 1266 1860 ε

198 1890 307 1938 quod
328 1889 399 1927 nos
419 1889 539 1927 ambo
559 1902 677 1939 opere
697 1888 882 1927 maxumo
902 1888 1095 1927 dabamus
1116 1901 1275 1938 operam
1297 1894 1339 1925 ut
1359 1886 1478 1932 fieret,
1546 1889 1614 1932 760

200 1953 284 1992 sine
305 1954 437 1993 ndstra
458 1967 560 2000 cura,
584 1954 766 1993 maxuma
786 1967 856 1992 sua
876 1955 968 1992 cura
988 1954 1092 1992 solus
1114 1952 1215 1991 fecit.

142 2028 182 2060 35
202 2019 281 2058 SO.
332 2032 437 2058 nunc
472 2019 568 2069 quid
607 2031 706 2069 opus
748 2019 851 2057 facto
893 2019 939 2056 sit
980 2017 1070 2056 uide
1088 2033 1093 2055 z
1135 2024 1244 2067 pater
1264 2014 1525 2056 adulescentis

414 2082 522 2122 uenit

243 2196 304 2226 750
329 2188 483 2219 miseram
504 2196 593 2218 mors
614 2185 727 2218 codd.:
765 2188 887 2227 transp.
909 2185 1082 2217 Fleckeisen
1216 2194 1276 2225 753
1300 2183 1448 2224 Bentley:
1472 2194 1524 2215 em

199 2231 252 2261 isti
270 2230 333 2270 ipsi
350 2230 438 2262 codd.
577 2239 638 2269 754
661 2230 706 2262 sic
720 2228 752 2260 A
769 2240 774 2259 :
811 2230 839 2260 is
856 2233 931 2260 ante
952 2239 1074 2260 uxores
1088 2228 1240 2270 praebent
1255 2231 1279 2259 Σ
1370 2228 1525 2267 equidem

196 2274 327 2314 scripsi:
360 2274 495 2313 quidem
523 2273 612 2305 codd.
760 2282 822 2313 759
844 2274 888 2304 sic
911 2273 1065 2313 Bentley:
1099 2272 1307 2303 conlocatam
1340 2271 1443 2302 amari
1468 2271 1501 2301 A
1520 2282 1527 2301 :

199 2318 300 2348 filiam
319 2317 514 2349 collocatam
532 2320 556 2348 Σ
718 2319 777 2356 761
804 2317 848 2347 sz'c
862 2315 895 2346 A
913 2328 920 2346 :
943 2316 1026 2347 haec
1049 2315 1120 2348 sola
1138 2318 1182 2348 2:
1207 2314 1363 2347 Donatus
1386 2315 1527 2346 lectiones

198 2360 283 2391 datas
303 2360 355 2392 hic
372 2364 401 2391 et
418 2361 500 2392 haec
517 2359 686 2402 adgnoscit
703 2370 709 2391 :
733 2360 945 2402 Eugmplu'us
963 2361 1046 2391 haec
