1773 2750
565 145 839 184 HEAVTON
871 145 1294 184 TIMORVMENOb¹
1539 149 1584 185 V.
1606 149 1619 184 i

268 255 516 303 Menede‘me,
539 254 592 293 mi
613 255 700 293 illac
721 254 814 293 uero
835 255 884 293 ad
905 262 1046 292 rastros
1067 255 1126 293 re's
1146 255 1255 293 redit.

265 322 368 359 ME.
400 321 508 370 quod
528 319 872 358 incommoditates
895 317 967 371 [in]
989 320 1062 357 hale
1083 333 1122 357 re
1141 320 1323 369 accipies,
1343 321 1413 359 nisi
1436 335 1550 360 canes
1568 326 1574 360 Ξ

266 385 465 423 difficilem
486 392 523 423 te
543 397 627 423 esse
647 383 832 422 ostendes
853 391 891 422 et
912 384 1090 434 ignosces
1111 391 1242 422 tamen
1607 386 1648 417 60

265 456 364 500 post,
387 448 424 487 e‘t
444 448 484 487 id
505 448 708 498 ingratum.
774 449 864 487 CH.
896 449 946 486 ah
967 447 1094 487 nescis
1115 461 1233 498 quam
1254 450 1420 488 doleam.
1483 451 1585 489 ME.

478 512 520 548 tit
540 510 658 549 lubet.

177 584 221 619 93
228 584 244 620 5
264 576 359 625 quid
380 577 456 614 hoc
476 576 583 625 qu6d
604 589 707 626 rogo,
731 583 773 614 ut
793 575 858 614 illa
878 576 1000 614 mibat
1020 577 1184 614 nostro?
1212 575 1285 613 nisi
1305 576 1401 625 quid
1421 584 1478 614 est

263 642 370 690 quod
391 640 510 691 mzigis
532 640 601 678 uis.
662 642 752 679 CH.
784 640 906 679 immo
927 649 964 679 et
984 640 1102 691 ge'ner
1122 648 1159 679 et
1178 640 1329 679 adfines
1349 643 1516 691 placent.

261 707 364 743 ME.
397 705 493 754 quid
513 705 616 743 dotis
638 705 767 744 dicam
789 705 826 743 te
848 705 991 743 dixisse
1012 705 1122 743 filio?

262 770 358 820 quid
392 769 619 809 obticuisti?
688 771 778 809 CH.
810 770 943 809 do‘tis?
1009 772 1112 808 ME.
1145 770 1198 809 ita
1228 770 1329 809 dico.
1401 772 1491 809 CH.
1523 770 1583 809 alh.
1606 777 1645 818 65

475 837 578 873 JJIE.
611 836 810 883 Chremes,

226 893 229 895 ’
264 914 313 939 ne
333 901 428 950 quid
450 913 616 948 uereare,
640 901 672 938 si
693 900 845 939 minus:
877 900 930 938 nil
951 914 1023 939 nos
1044 901 1116 940 dos
1138 908 1281 939 mouet.

176 979 245 1014 940
265 966 354 1004 CH.
387 967 467 1004 chio
488 967 633 1004 talenta
652 966 722 1015 pro
744 979 783 1004 re
803 973 935 1004 nostra
955 979 1028 1015 ego
1048 965 1132 1004 e'sse
1153 966 1310 1004 decreul'
1330 965 1421 1004 satis
1436 980 1447 1013 3

262 1030 331 1069 sed
352 1030 404 1068 ita
424 1030 531 1069 dictu
548 1044 647 1081 opus
670 1030 737 1078 est,
757 1030 787 1068 si
805 1044 868 1069 me
889 1030 948 1068 uis
964 1031 1114 1068 sciluom
1132 1043 1216 1068 esse
1232 1038 1270 1069 et
1290 1044 1371 1069 rem
1393 1038 1430 1069 et
1450 1030 1588 1077 filium,

262 1095 325 1133 me'
347 1109 433 1133 mea
452 1095 585 1133 omnic'z
606 1096 710 1134 bona
733 1094 816 1134 doti
833 1094 975 1134 dixisse
996 1094 1060 1132 illi.
1110 1096 1213 1132 ME.
1237 1094 1355 1144 quzim
1376 1108 1457 1133 rem
1478 1095 1588 1144 agis?

264 1161 354 1198 CH.
386 1161 426 1198 1'd
448 1160 574 1198 mirari
595 1160 632 1198 te
656 1160 838 1198 simulato
860 1167 898 1198 et
918 1161 1027 1198 illum
1050 1161 1126 1198 hoc
1147 1159 1312 1208 rogitato
1333 1159 1458 1206 simul,
1608 1176 1648 1209 70

262 1238 380 1274 quam
402 1225 453 1263 ob
475 1239 555 1263 rem
577 1225 616 1264 id
638 1225 788 1263 faciam.
847 1226 951 1262 ME.
974 1225 1068 1274 quin
1090 1238 1162 1273 ego
1179 1237 1273 1262 uero
1293 1237 1411 1274 quam
1433 1225 1484 1264 ob
1506 1238 1585 1263 nem

477 1289 517 1328 id
538 1289 655 1328 facias
676 1289 819 1328 nescio.

175 1363 240 1400 945
265 1355 355 1392 CH.
388 1354 542 1404 egone?
570 1362 612 1393 ut
632 1354 715 1393 eius
737 1354 922 1401 z'mimum,
947 1357 1013 1404 qui
1035 1367 1140 1392 nunc
1161 1353 1310 1392 liixuria
1330 1362 1367 1392 et
1388 1355 1545 1393 lasciuia

261 1419 411 1466 diffluit,
435 1421 655 1468 reti'mdam,
676 1419 860 1470 redigam,
884 1427 925 1457 ut
946 1420 1025 1469 quc')
1047 1432 1087 1458 se
1108 1427 1235 1457 uortat
1256 1418 1413 1457 neseiat.

259 1486 362 1523 ME.
395 1486 490 1535 quid
521 1484 630 1535 agis?
689 1486 778 1524 CH.
813 1484 946 1523 mitte:
990 1486 1073 1523 sine
1108 1498 1170 1522 me
1202 1484 1241 1522 in
1275 1485 1348 1522 hac
1383 1498 1422 1523 re
1455 1484 1585 1534 gerere

473 1550 569 1587 mihi
590 1549 749 1588 morem.
808 1551 911 1587 ME.
943 1549 1029 1587 sino
1046 1565 1052 1588 z

259 1616 362 1654 itane
390 1615 478 1653 uis?
536 1616 625 1654 CH.
659 1615 720 1653 ita.
781 1616 883 1653 ME.
916 1616 993 1653 fiat.
1056 1615 1145 1653 CH.
1178 1628 1222 1653 ae
1250 1614 1326 1652 iam
1354 1615 1513 1653 uxorem
1541 1622 1581 1653 ut
1603 1624 1641 1659 75

472 1681 642 1719 accersat
663 1688 838 1730 paret.—

259 1746 322 1783 hic
344 1746 394 1784 ita
416 1753 457 1784 ut
478 1746 620 1784 liberos
641 1753 698 1784 est
719 1759 887 1795 aequom
911 1745 1025 1784 dictis
1046 1744 1321 1783 confutc'tbitur.

172 1821 240 1857 950
259 1811 328 1849 se'd
350 1813 487 1861 Syrum
508 1810 668 1861 quidem
691 1811 814 1861 egone
835 1811 866 1848 si
887 1810 980 1849 uiuo
1001 1811 1102 1849 cideo
1122 1813 1350 1849 exornati'im
1371 1811 1486 1858 dabQ

257 1876 358 1914 aideo
379 1877 584 1926 depexum,
608 1879 650 1915 iit
670 1878 766 1915 dum
787 1876 895 1914 uiuat
916 1875 1136 1914 meminerit
1157 1875 1309 1925 semper
1330 1875 1430 1922 mei3

257 1942 324 1990 qui
345 1941 417 1979 sibi
439 1955 501 1980 me
522 1955 592 1991 pro
612 1941 829 1981 deridiculo
849 1954 895 1979 ac
915 1940 1204 1979 delectamento
1225 1947 1345 1990 putat.

256 2006 348 2053 non,
371 2006 422 2044 ita
444 2020 506 2045 me
526 2007 566 2045 di
586 2006 728 2054 ament,
752 2007 913 2046 auderet
934 2006 1059 2045 fcieere
1079 2007 1176 2044 haee
1196 2005 1340 2044 uiduae
1360 2005 1522 2053 nuilieri,
1597 2011 1637 2040 80

256 2084 357 2121 quae
378 2073 416 2110 in
439 2086 500 2111 me
521 2072 621 2110 fecit.

298 2188 358 2218 931
387 2177 461 2209 illac
480 2178 532 2218 (sc.
554 2178 622 2217 uia)
642 2177 836 2209 Fleckeisen:
862 2176 937 2209 illec
954 2176 987 2208 A
1006 2188 1013 2208 ε
1039 2176 1135 2208 illaec
1153 2179 1198 2207 Σε
1224 2175 1291 2206 illic
1308 2175 1438 2215 Bentley
1527 2186 1580 2206 res

255 2232 320 2252 om.
341 2221 395 2253 A:
417 2222 535 2252 hahent
549 2221 629 2254 24²2
783 2231 848 2261 932
872 2221 1166 2252 incommoditates
1178 2219 1210 2249 A
1226 2231 1232 2251 t
1258 2219 1468 2249 incommoda
1481 2219 1539 2249 tibi
1557 2223 1580 2250 Σ

256 2266 288 2295 in
307 2267 369 2296 hac
388 2276 424 2295 re
443 2265 530 2296 codd.
665 2274 730 2305 933
753 2265 798 2296 sic
819 2264 946 2295 ADG:
979 2264 1130 2295 ostendis
1155 2268 1189 2294 te
1215 2273 1291 2292 esse
1318 2266 1382 2293 cctt.
1515 2272 1580 2301 950

255 2319 364 2347 egone
382 2308 468 2341 codd.
490 2321 496 2340 :
528 2318 592 2347 ego
617 2309 702 2349 uolg.
722 2320 729 2339 :
755 2308 812 2339 secl
834 2319 891 2338 -ne
919 2307 1155 2346 affirnmtiuom
1182 2306 1254 2336 bene
1280 2305 1426 2336 uindicat
1448 2305 1577 2335 Miulon

258 2351 395 2383 IVnrren
412 2353 444 2383 in
462 2353 544 2383 Am.
563 2352 684 2391 jam-n.
704 2351 837 2391 ofPlzil.
857 2351 889 2382 ii.
911 2361 952 2390 54
969 2362 1016 2391 sq.
1166 2359 1230 2389 952
1256 2359 1316 2388 pro
1335 2349 1474 2380 ridiculo
1491 2347 1574 2378 AD¹

255 2396 333 2426 FG:
359 2396 418 2425 sibi
437 2406 490 2426 me
509 2406 583 2426 esse
600 2405 662 2435 pro
679 2396 739 2427 rid.
759 2395 836 2426 coni.
854 2394 1016 2425 Dziatsko
