1773 2750
762 107 1031 145 PHORMIO
1483 108 1550 144 IV.
1573 107 1617 143 iii

236 220 417 257 dattirum
438 229 585 268 poenas
605 217 724 263 dices,
747 215 778 254 si
799 216 904 254 illam
924 215 1109 254 eiecerit?

236 283 312 321 iam
334 283 372 321 id
394 282 694 332 exploratumst:
724 281 823 328 heia,
846 280 1006 318 sudabis
1026 280 1129 327 satis,

237 348 267 386 si
288 361 377 386 cum
399 348 464 385 1‘110
485 347 659 396 inceptas
679 345 840 383 h6mine
857 360 864 382 :
894 358 940 383 ea
960 344 1231 394 eloquentiast.

149 416 219 459 630
236 415 372 451 uersim
392 424 499 462 pono
519 423 604 449 esse
624 411 772 448 uictum
793 422 883 448 eum
899 423 909 457 3
937 416 976 447 at
996 409 1156 448 tande'm
1178 417 1309 448 tamen
1578 420 1617 451 25

237 490 316 514 non
337 475 473 525 capitis
494 475 528 513 ei
549 487 607 512 res
628 474 752 524 agitur
772 475 842 512 sed
862 473 1077 524 peciiniae!

235 547 443 590 postquam
463 537 665 576 h6minem
685 537 745 575 his
766 537 896 576 uerbis
917 537 1043 575 sentio
1064 537 1257 584 mollirier,

237 608 246 624 ‘
260 605 332 642 soli
352 615 485 641 sumus
505 615 611 640 nunc
631 602 716 640 hic’
738 603 898 651 inquam
916 617 923 641 ε
957 603 1064 649 ‘eh0‚
1089 602 1153 640 dic
1173 602 1269 652 quid
1289 603 1348 640 uis
1369 602 1451 641 dari

234 667 305 706 tibi
326 669 364 705 1'n
385 680 556 713 manum,
579 674 621 704 ut
642 679 729 705 erus
749 667 809 704 his
830 666 991 705 desistat
1011 666 1154 713 litibus,

146 731 213 775 635
234 733 331 770 haec
351 732 443 769 hinc
463 732 639 778 facessat,
662 733 704 769 tii
725 732 913 769 molestus
933 730 983 769 ne
1005 730 1078 769 sies
1092 732 1129 768 ?'
1577 740 1618 770 30

233 798 329 835 AN.
361 796 459 834 satin
481 795 535 833 illi
555 795 595 834 di
616 803 706 834 sunt
726 795 913 845 propitii?
973 796 1064 835 GE.
1099 798 1211 834 ‘narn
1233 795 1290 834 sat
1311 794 1403 842 scio,

234 859 265 897 si
286 866 327 897 tu
348 858 518 908 aliquam
539 866 690 908 partem
710 859 827 908 aequi
847 857 1022 907 bonique
1042 857 1194 905 dixeris,

233 932 275 962 ut
296 930 352 962 est
374 924 436 961 ille
456 924 584 961 bonus
605 922 674 969 uir,
697 924 768 960 tria
788 936 869 961 non
889 922 1182 961 commutabitis

234 989 354 1027 uerba
374 987 492 1026 hddie
513 987 612 1026 inter
631 989 727 1025 uos.'
783 989 882 1025 DE.
914 988 1000 1036 quis
1022 994 1059 1025 te
1080 987 1199 1026 istaec
1219 986 1329 1026 iussit
1350 987 1486 1037 loqui?

146 1056 216 1100 640
236 1054 327 1092 CH.
358 1052 480 1091 immo
500 1065 581 1091 non
601 1052 728 1102 potuit
749 1051 888 1090 melius
908 1052 1145 1101 peruenirier
1579 1064 1617 1096 35

234 1131 282 1156 eo
302 1118 382 1167 quo
402 1130 474 1156 nos
495 1118 690 1156 uolumus.
749 1118 846 1155 AN.
879 1116 1031 1155 occidi!
1087 1118 1187 1155 DE.
1219 1130 1335 1167 perge
1356 1116 1498 1166 eloqui.

239 1184 330 1222 GE.
361 1195 384 1220 a
403 1183 529 1232 primo
551 1183 672 1221 homo
693 1181 899 1220 insanibat.
961 1183 1052 1221 CH.
1084 1184 1184 1221 cedo
1205 1182 1300 1231 quid
1319 1183 1520 1232 pdstulat?

239 1248 330 1287 GE.
358 1246 482 1296 quid?
511 1246 676 1284 nimium
699 1254 902 1297 quantum.
962 1247 1054 1287 CH.
1078 1248 1300 1296 qudntttm?
1328 1247 1402 1286 dic.
1466 1249 1556 1288 GE.

450 1311 480 1350 si
501 1312 588 1362 quis
609 1312 718 1351 daret

236 1376 425 1415 talentum
442 1389 639 1426 magnum.
689 1377 788 1416 DE.
811 1376 933 1415 imm6
950 1377 1096 1415 malum
1113 1377 1242 1415 hercle
1259 1392 1265 1415 :
1286 1384 1327 1415 ut
1344 1378 1397 1415 nss
1413 1377 1534 1426 pudet
1552 1379 1558 1414 !

148 1445 214 1489 645
240 1443 330 1481 GE.
362 1442 470 1491 quod
491 1440 568 1479 dixi
589 1442 690 1480 adeo
711 1446 769 1480 ei':
802 1445 811 1461 ‘
824 1440 983 1491 quaeso,
1005 1441 1101 1491 quid
1121 1440 1152 1479 si
1172 1441 1293 1480 filiam
1578 1451 1619 1481 40

235 1519 345 1544 suam
367 1505 523 1544 [inicam
544 1505 719 1545 locaret?
748 1505 857 1556 parui
878 1505 918 1544 re
938 1505 1024 1544 tulit

235 1584 315 1609 non
336 1570 577 1620 siiscepisse:
612 1570 809 1610 inue'ntast
832 1583 932 1620 quae
953 1570 1087 1609 dotem
1108 1573 1238 1620 petat.⁷

236 1643 277 1673 ut
297 1636 347 1674 ad
368 1638 493 1685 patica
512 1637 681 1684 redeam,
707 1636 809 1674 illius
831 1635 983 1674 mittam
1004 1635 1180 1685 ine'ptias,

236 1701 333 1738 haec
354 1699 526 1749 denique
546 1700 628 1739 eius
650 1702 720 1739 fuit
741 1708 939 1750 postrema
959 1699 1082 1738 oratio
1099 1715 1105 1738 :

150 1765 219 1810 650
239 1768 247 1784 ‘
261 1766 355 1814 ego'
376 1765 501 1814 inquit
524 1768 568 1803 ‘a
587 1765 779 1815 principio
800 1765 916 1803 amici
936 1764 1068 1812 filiam,
1579 1775 1620 1806 45

238 1829 289 1866 ita
310 1837 351 1866 ut
371 1828 540 1878 aequom
561 1830 695 1877 fuerat,
719 1829 827 1868 udlui
848 1843 1008 1868 uxorem
1029 1830 1198 1876 dticere3

237 1906 329 1931 nam
350 1893 445 1930 mihi
466 1893 626 1932 uenibat
648 1895 686 1932 in
709 1901 882 1933 mentem
904 1894 986 1932 eius
1007 1894 1318 1941 incommodum,

237 1957 277 1994 in
298 1956 524 1996 seruitutem
545 1960 757 2008 patiperem
778 1960 829 1997 ad
850 1958 971 1998 dite'rn
993 1959 1086 1998 dari.

238 2022 307 2059 sed
328 2021 381 2058 mi
402 2022 500 2071 opus
521 2030 611 2069 erat,
635 2030 677 2061 ut
697 2023 829 2072 aperte
850 2023 919 2061 tibi
942 2037 1046 2062 nunc
1066 2024 1227 2071 fabuler,

152 2087 217 2130 655
238 2086 522 2135 aliquz'mtulum
544 2099 644 2136 quae
664 2087 830 2126 adferret
850 2087 917 2137 qui
937 2088 1194 2127 dissoluerem
1580 2097 1621 2129 50

239 2163 340 2199 quae
360 2149 511 2188 debeo:
542 2158 579 2189 et
600 2150 717 2189 etiam
738 2165 854 2199 nunc,
877 2152 909 2190 si
929 2154 1012 2190 uolt
1034 2153 1234 2202 Demipho

239 2215 332 2252 dare
352 2214 541 2263 qudntum
562 2214 612 2252 ab
634 2216 706 2253 hac
726 2215 878 2266 accipio
898 2228 999 2265 quae
1019 2217 1199 2265 sponsdst
1220 2216 1326 2263 mihi,

283 2307 345 2344 631
372 2306 401 2336 ei
419 2305 569 2346 Bentley:
605 2307 677 2337 eius
694 2307 782 2339 codd.
916 2309 979 2346 643
1004 2307 1184 2339 Paunn’er:
1218 2313 1380 2347 quantum
1401 2309 1492 2340 licuit
1512 2311 1565 2341 uel

240 2348 335 2379 libuit
361 2348 448 2380 codd.
589 2350 654 2388 648
679 2350 874 2382 Fleckeisen:
906 2361 945 2382 ac
973 2351 1099 2382 mittam
1127 2351 1212 2381 illius
1244 2351 1330 2383 codd.
1351 2364 1356 2382 :
1392 2353 1480 2383 mille
1499 2359 1562 2394 pro

241 2392 329 2422 illius
347 2393 426 2424 com'.
444 2392 489 2423 A.
509 2392 647 2423 Palmer
