1773 2750
755 122 987 159 HECYRA
1498 123 1525 158 Ι.
1549 121 1577 157 ii

207 233 240 271 S
251 233 289 270 Y.
321 233 427 270 salue'
450 238 651 278 mecastor,
676 230 879 268 Parmeno.
938 231 1027 268 ΡΑ.
1059 238 1096 268 ct
1119 238 1158 268 tu
1180 232 1333 280 edepol,
1357 233 1459 280 Syra.

206 296 270 335 dic
292 296 354 343 mi,
379 296 455 343 tibi,
482 295 654 342 Philotis,
679 302 716 333 te
737 294 941 333 oblectasti
963 294 1041 332 tam
1063 294 1163 333 diu?

142 364 183 408 85
204 363 298 399 ΡΗ
331 360 505 399 minume
526 360 708 410 equidem
731 373 794 397 me
816 358 1023 406 oblectaui,
1047 372 1147 408 quae
1168 373 1258 397 cum
1282 360 1403 399 milite
1553 370 1589 391 ¹0

205 427 440 465 Corinthum
462 424 554 463 hinc
575 437 660 462 sum
682 423 856 473 profecta
878 423 1242 462 inhumanissumo:

204 490 407 528 biennium
429 489 481 528 ibi
502 489 734 540 perpetuom
756 489 896 527 misera
916 488 1025 526 illum
1047 488 1128 527 tuli.

202 556 290 593 ΡΑ.
322 556 464 605 edepo'l
486 562 522 593 te
543 553 782 593 deside'rium
804 555 1051 593 Athenarum
1072 553 1246 601 arbitror,

203 619 428 666 Philotium,
452 621 602 669 cepisse
623 633 740 670 saepe
761 626 799 658 et
820 619 858 658 te'
878 627 988 657 tuom

139 695 184 730 90
202 684 409 723 consilium
431 685 727 735 contempsisse.
785 686 880 722 ΡΗ
912 698 992 722 non
1013 683 1092 722 dici
1112 692 1251 734 potest,
1550 692 1587 724 15

201 762 319 799 quam
340 749 485 799 cupida
505 763 610 788 eram
632 751 709 788 huc
731 749 934 796 redeundi,
957 749 1131 788 abeundi
1152 763 1175 788 a
1196 749 1318 788 milite

200 827 350 864 uosque
370 815 434 853 hic
454 814 628 863 uidendi,
651 816 813 866 antiqua
834 822 874 853 ut
896 814 1184 854 consuetudine

198 878 382 928 agitarem
405 879 504 918 inter
524 893 596 918 uos
617 880 737 918 libere
758 879 1000 918 conuiuium.

199 957 290 982 nam
311 944 365 982 illi
387 945 492 983 haud
513 944 655 983 licebat
676 944 749 983 nisi
770 944 974 995 praefinito
996 944 1103 994 loqui

135 1018 178 1054 95
199 1022 299 1059 quae
320 1009 374 1047 illi
394 1011 601 1060 placerent.
661 1011 749 1048 ΡΑ.
781 1011 887 1048 haud
908 1009 1048 1060 opinor
1068 1011 1279 1049 commode
1545 1027 1583 1047 20

199 1074 316 1113 finem
339 1074 517 1114 statuisse
539 1074 703 1113 orationi
727 1074 900 1113 militem.

196 1140 289 1177 ΡΗ
322 1140 390 1178 sed
412 1141 506 1189 quid
528 1141 604 1178 hoc
625 1139 792 1189 negotist
814 1140 934 1178 modo
956 1141 1063 1190 quod
1086 1141 1254 1178 narrauit
1276 1139 1371 1178 mihi

197 1204 260 1243 hic
282 1206 384 1243 intus
406 1205 601 1244 Bacchis?
631 1206 739 1255 quod
760 1219 832 1255 ego
853 1219 1069 1255 numquam
1092 1205 1241 1244 credidi

196 1269 288 1315 fore,
312 1276 354 1307 ut
374 1270 436 1308 ille
458 1271 531 1307 hac
552 1269 643 1307 uiua
663 1269 795 1318 po‘sset
816 1269 991 1307 animum
1014 1269 1200 1308 inducere

113 1342 177 1367 100
196 1334 355 1372 uxorem
378 1334 532 1372 habere.
591 1335 677 1372 ΡΑ.
711 1334 854 1372 habere
868 1336 1033 1372 autern?
1087 1335 1181 1372 ΡΗ
1214 1335 1290 1372 eho
1307 1341 1359 1381 tu,
1375 1348 1424 1373 an
1442 1336 1522 1374 non
1545 1351 1579 1380 25

408 1398 526 1437 habet
539 1400 556 1436 ?

193 1464 281 1501 ΡΑ.
312 1462 442 1511 habet,
466 1465 535 1502 sed
556 1465 689 1502 firmae
711 1465 807 1502 haec
829 1464 966 1503 uereor
986 1472 1028 1502 ut
1050 1464 1126 1502 sint
1148 1464 1320 1514 nuptiae.

196 1530 287 1566 ΡΗ
318 1528 371 1567 ita
391 1530 430 1568 di
451 1530 628 1579 deaeque
649 1528 783 1577 faxint,
805 1529 835 1567 si
858 1529 896 1567 in
918 1543 998 1568 rem
1021 1537 1078 1568 est
1101 1529 1321 1568 Bacchidis.

194 1595 263 1632 sed
284 1596 351 1644 qui
372 1594 471 1634 istuc
492 1596 650 1634 credam
672 1594 724 1633 ita
745 1594 839 1642 esse,
864 1595 927 1634 dic
949 1595 1055 1642 mihi,
1080 1596 1284 1634 Pa'rmeno.

193 1660 280 1697 ΡΑ.
313 1673 393 1698 non
415 1659 471 1698 est
493 1673 591 1710 opus
612 1661 764 1710 prolato
786 1661 886 1699 hoc:
917 1660 1179 1710 percontarier

109 1737 170 1772 105
193 1724 347 1762 desiste.
405 1726 499 1763 ΡΗ
530 1739 674 1775 nempe
694 1739 740 1764 ea
759 1728 877 1764 caiisa
897 1733 938 1763 ut
959 1740 1008 1764 ne
1028 1726 1068 1764 id
1090 1726 1155 1764 fiat
1176 1727 1335 1776 palam?
1537 1743 1579 1773 30

191 1787 242 1826 ita
264 1790 326 1827 me
346 1789 387 1828 di
407 1790 606 1837 amabunt,
630 1791 736 1829 haud
758 1798 963 1841 propterea
984 1790 1021 1829 te
1042 1803 1149 1840 rogo,

189 1860 231 1891 ut
252 1854 327 1892 hoc
348 1855 551 1903 proferam,
575 1856 645 1894 sed
666 1855 782 1894 tacita
803 1863 844 1894 ut
865 1869 1020 1895 mecum
1041 1857 1246 1905 gaudeam.

190 1920 277 1956 ΡΑ.
310 1920 526 1970 numquam
549 1928 628 1959 tam
649 1921 756 1960 dices
778 1922 990 1960 commode
1011 1928 1053 1959 ut
1073 1924 1224 1972 tergum
1246 1934 1379 1959 meum

192 1990 299 2021 tuam
320 1985 359 2022 in
380 1986 499 2024 fidem
521 1987 778 2025 committam.
836 1987 930 2025 PH.
963 1987 1013 2024 ah
1034 1986 1125 2033 noli,
1151 1985 1344 2024 Parmeno
1363 2001 1370 2024 :

108 2058 173 2083 110
192 2048 302 2098 quasi
323 2052 364 2087 tii
385 2063 465 2088 non
487 2053 611 2090 multo
633 2051 743 2089 malis
766 2064 918 2090 narrare
938 2051 1015 2090 hoc
1036 2050 1131 2089 mihi
1540 2065 1579 2097 35

191 2127 309 2163 quam
330 2128 402 2165 ego
423 2116 523 2166 quae
544 2124 753 2166 percontor
774 2118 881 2155 scire.
939 2117 1031 2155 PA.
1063 2130 1155 2155 uera
1176 2117 1273 2155 haec
1294 2115 1492 2166 praedicat

190 2186 227 2217 et
248 2179 343 2219 illud
366 2181 459 2219 mihi
481 2181 656 2221 uitiumst
678 2183 917 2221 maxumum.
977 2181 1007 2220 si
1027 2181 1124 2220 ‘mihi
1146 2183 1265 2221 fidem

233 2283 274 2320 84
299 2283 353 2313 ubi
382 2283 523 2316 Philotis
550 2284 724 2316 Donatus:
761 2284 904 2316 Philotis
936 2285 992 2315 ubi
1025 2284 1110 2316 codd.
1260 2295 1319 2323 104
1350 2288 1426 2326 post
1455 2285 1517 2315 hoc

190 2325 455 2366 distinguendum
473 2333 572 2358 censet
588 2327 751 2359 Dsiatsko
766 2339 771 2358 :
793 2333 868 2369 post
884 2329 1014 2368 prolato
1033 2330 1116 2368 nolg.
1258 2330 1335 2359 ·106
1358 2328 1516 2359 amabunt

190 2368 344 2400 Donatus
367 2374 395 2400 el
418 2372 505 2410 uolg.
527 2383 533 2401 z
573 2377 686 2402 amvnt
711 2372 742 2401 A
763 2383 769 2402 :
810 2373 896 2402 bene
928 2377 1043 2403 ament
1068 2376 1092 2402 Σ
1271 2383 1327 2411 107
1355 2373 1456 2402 tacita
1482 2378 1515 2402 ut

190 2412 359 2443 Flesllm'sm
378 2425 383 2443 :
410 2419 442 2443 ut
461 2416 559 2445 tacita
577 2415 664 2446 codd.
