1773 2750
177 123 242 160 Li
649 124 689 159 P.
721 122 972 160 TERENTI
1003 121 1135 158 AFRI

226 231 321 281 quid
342 231 460 271 facias
480 232 533 270 illi
554 231 705 271 dederit
725 231 793 281 qui
813 233 1003 270 damnum
1022 233 1089 269 aut
1109 231 1285 268 malum?

226 297 291 334 SI.
323 297 431 334 uem't
452 297 642 336 Chremes
662 295 849 346 postridie
869 296 921 334 ad
942 307 1004 333 me
1024 293 1228 333 claimitans
1245 309 1252 332 :

225 359 429 411 indignum
450 361 600 400 facinus
614 375 625 410 3
654 360 891 411 comperisse
912 359 1162 410 Pzimphilum
1575 374 1635 409 145

225 438 295 476 pro
315 426 434 465 uxore
454 427 598 465 habere
618 428 721 465 hanc
741 425 995 476 peregrinam.
1053 438 1126 474 ego
1146 423 1242 463 illud
1262 423 1400 463 sedulo

146 506 206 529 120
224 490 365 540 negdre
385 492 542 530 factum.
600 491 665 530 ille
685 492 801 529 instat
822 492 980 529 factum.
1038 489 1209 540 denique

225 553 277 592 ita
297 557 379 592 tum
401 555 564 594 discedo
584 556 633 594 ab
655 556 731 602 sslo,
755 562 797 593 ut
817 554 884 605 qui
905 568 946 594 se
965 554 1086 592 filiam

225 620 339 669 nege't
360 620 554 658 daturum.
624 621 704 659 SO.
737 620 816 659 non
833 627 874 658 tu
896 619 949 658 ibi
970 626 1130 670 gnatum
1154 649 1160 656 .
1185 620 1223 656 .?
1288 621 1352 658 SI.
1386 633 1433 657 ne
1454 619 1550 657 haec

439 684 599 735 quidem

225 748 316 787 satis
337 749 500 788 nemens
521 763 638 788 causa
658 751 708 788 ad
730 749 1028 800 obiurgandum.
1088 750 1167 788 SO.
1200 748 1296 799 qui?
1326 750 1436 787 cedo.
1575 765 1638 800 150

225 815 290 851 Sl.
325 816 428 852 ‘tute
449 814 532 863 ipse
553 813 612 851 his
633 814 748 852 rebus
769 815 888 852 finem
910 813 1166 863 praescripsti,
1189 821 1318 863 pater:

144 895 204 928 1²5
225 890 346 927 prope
367 878 477 916 adest
498 892 618 928 quom
641 878 769 916 alieno
791 879 898 917 more
920 878 1173 917 uiuendumst
1194 877 1311 916 mihi:

223 941 306 980 sine
327 945 432 981 mine
454 956 543 981 meo
565 957 627 982 me
648 944 779 982 uiuere
801 943 946 982 interezi
967 945 1112 982 modo.’

223 1007 303 1045 SO.
335 1006 402 1056 qui
423 1006 537 1056 igitur
558 1007 712 1045 relictus
734 1009 791 1046 est
812 1007 1044 1057 obiurgandi
1064 1009 1202 1046 locus?

223 1071 288 1109 SI.
321 1070 351 1108 si
372 1072 530 1121 propter
549 1085 723 1110 amorem
747 1072 905 1110 uxorem
927 1073 1034 1110 nolet
1055 1073 1221 1111 ducere:
1575 1083 1584 1108 1
1595 1083 1611 1118 5
1619 1082 1634 1118 5

223 1148 268 1173 ca
289 1136 457 1185 primum
479 1136 529 1175 ab
550 1136 616 1175 illo
637 1136 813 1174 animum
835 1137 1080 1175 ziduortenda
1100 1136 1273 1175 iniiiriast
1292 1152 1298 1174 :

141 1214 201 1245 130
221 1207 259 1238 et
279 1203 385 1239 minc
407 1201 446 1239 id
467 1215 626 1251 operam
648 1203 712 1248 do,
736 1205 776 1240 rit
797 1215 865 1252 per
886 1203 999 1240 falsas
1020 1202 1174 1252 nuptias

221 1278 313 1303 uera
333 1265 565 1316 obiurgandi
587 1269 705 1305 causa
725 1266 782 1314 sit,
806 1266 837 1304 si
859 1268 1025 1317 deneget
1042 1281 1050 1313 ;

221 1330 335 1368 simul
357 1333 566 1370 sceleratus
588 1331 724 1370 Dz'zuos
745 1331 775 1369 si
797 1331 892 1381 quid
913 1331 1050 1370 consili

221 1396 350 1443 habet,
375 1399 416 1434 rit
437 1404 644 1435 consumat
664 1399 770 1434 nunc
791 1409 913 1446 quom
934 1396 988 1434 nil
1009 1397 1140 1436 obsint
1161 1397 1241 1436 doli
1257 1412 1266 1445 3
1572 1398 1638 1433 160

220 1473 338 1510 quem
360 1474 433 1510 ego
454 1461 572 1500 cre'do
594 1461 775 1500 manibus
796 1461 1045 1512 pedibusque
1065 1462 1208 1501 obnixe
1229 1461 1362 1501 omnia

103 1555 107 1558 ,
139 1537 199 1569 135
219 1526 422 1573 facturum,
446 1526 568 1576 magis
589 1526 630 1565 id
650 1527 751 1565 aideo
771 1526 867 1564 mihi
887 1534 929 1565 ut
949 1527 1230 1575 incommodet,

219 1603 337 1640 quam
359 1598 401 1628 ut
422 1591 662 1641 obsequatur
680 1591 810 1641 gnzito.
870 1593 950 1631 So.
982 1592 1247 1643 quapropter?
1275 1593 1416 1642 rogas?

219 1656 322 1693 mala
343 1657 465 1703 me'ns,
489 1657 614 1694 malus
634 1656 799 1695 animus.
852 1659 970 1708 quem
988 1657 1147 1708 quidem
1166 1671 1237 1708 ego
1258 1657 1290 1697 si
1311 1659 1468 1697 sensero
1486 1689 1493 1696 .
1513 1689 1519 1696 .
1539 1689 1547 1696 .

219 1720 287 1758 sed
309 1721 405 1769 quid
426 1728 543 1770 opust
563 1720 723 1760 uerbis?
753 1722 812 1760 sin
834 1722 989 1761 eueniat
1010 1723 1118 1773 quod
1138 1724 1243 1769 uolo,
1571 1721 1632 1766 165

218 1784 258 1821 in
281 1785 489 1835 Pamphilo
510 1793 552 1824 ut
572 1785 626 1824 nil
647 1787 695 1824 sit
718 1800 860 1835 morae,
884 1788 1000 1826 restcit
1022 1788 1211 1827 Chremes

138 1864 199 1896 140
219 1849 285 1899 qui
307 1850 359 1887 mi
380 1851 599 1889 exorandus
622 1851 702 1891 e'st:
733 1860 771 1891 et
791 1866 904 1902 spero
925 1854 1096 1892 confore.

217 1928 323 1953 nunc
344 1915 491 1953 tuomst
512 1915 684 1954 officium
706 1918 775 1955 has
797 1917 899 1955 bene
920 1925 962 1955 ut
981 1917 1193 1957 adsimules
1214 1917 1380 1968 nuptias,

218 1980 506 2030 perterrefacias
530 1981 699 2028 Dauom,
723 1982 908 2020 obserues
930 1982 1066 2029 filium,

218 2044 314 2095 quid
333 2045 432 2095 aget,
456 2045 551 2096 quid
573 2060 663 2085 cum
685 2046 751 2085 illo
773 2046 910 2085 c6nsili
931 2049 1072 2097 captet.
1131 2049 1212 2087 SO.
1244 2055 1302 2086 sat
1322 2055 1400 2087 est:
1570 2052 1635 2087 170

218 2109 375 2148 curzibo.
434 2111 499 2149 SL
532 2124 666 2149 eamus
688 2111 873 2149 nunciam
894 2111 1018 2151 intro:
1049 2112 1060 2150 i
1081 2112 1183 2162 prae,
1207 2126 1359 2163 sequor.

264 2223 322 2252 143
346 2213 497 2253 Bentley:
523 2214 578 2253 qui
597 2213 729 2244 dederit
748 2216 771 2245 Σ
789 2225 795 2244 :
819 2214 896 2253 quid
915 2214 1017 2245 facias
1035 2215 1071 2256 ei*
1084 2214 1139 2254 qui
1154 2215 1310 2245 damnum
1336 2215 1466 2246 dederit
1489 2219 1546 2246 aut

218 2257 339 2287 malum
357 2256 528 2287 Fleckeisen
547 2269 554 2287 :
578 2257 625 2287 illi
641 2257 697 2296 qui
715 2257 809 2287 dedit
826 2257 986 2288 Dziatzko
1156 2267 1216 2297 153
1241 2269 1315 2290 meo
1333 2269 1385 2289 me
1402 2258 1490 2289 Don.
1512 2259 1545 2288 in

217 2300 343 2330 Iemm.:
368 2310 420 2331 me
439 2311 513 2331 meo
531 2303 555 2331 Σ
669 2310 729 2341 155
754 2301 845 2332 nolet
861 2300 912 2332 B:
939 2301 1021 2332 nolit
1038 2304 1100 2332 cell.
1219 2303 1277 2342 165
1301 2302 1353 2332 sin
1371 2301 1542 2342 Eugraplz.

216 2344 250 2374 in
267 2344 396 2375 lentum
420 2344 494 2375 sine
512 2347 536 2376 Σ
647 2354 703 2383 171
731 2354 844 2375 eamus
861 2368 868 2376 .
890 2368 896 2375 .
920 2368 926 2376 .
949 2355 1073 2384 Sequor
1088 2344 1250 2377 th‘alzko
1266 2345 1400 2377 Simoni
1415 2345 1526 2376 tribuit
1540 2357 1546 2376 :

218 2397 331 2418 eamus
350 2411 356 2417 .
379 2411 384 2417 .
408 2411 413 2417 .
435 2387 521 2418 intro
537 2386 650 2419 Sosiae
666 2388 810 2419 tribuont
826 2391 849 2418 Σ
