1773 2750
757 113 1026 151 PHORMIO
1479 114 1545 151 IV.
1569 112 1583 148 i

231 237 359 262 meam
380 223 684 274 neclegentiam:
714 224 838 273 ipsam
860 236 949 261 cum
971 222 1079 261 omni
1100 222 1244 260 familia

230 289 280 326 ad
303 287 364 326 me
384 289 598 338 profectam
618 300 703 326 esse
723 287 867 326 aibant.
924 289 1024 326 DE.
1055 287 1151 337 quid
1171 287 1224 325 illi
1245 286 1324 325 tam
1345 286 1412 325 diu

230 365 378 402 quaeso
399 352 511 402 igitur
531 352 835 398 commorabare‚
859 352 926 390 ubi
948 351 987 390 id
1008 353 1243 390 audiueras?

232 418 324 456 CH.
355 417 419 467 pol
440 415 502 455 me
518 416 685 454 detinuit
702 416 873 454 morbus.
930 417 1030 455 DE.
1061 417 1196 454 unde?
1224 423 1290 454 aut
1306 418 1402 466 qui?
1460 417 1551 455 CH.

442 493 553 530 rogas
566 482 583 518 ?

146 560 209 598 575
231 544 409 584 senectus
429 545 548 595 ipsast
569 545 741 583 morbus.
798 547 866 584 sed
887 547 1041 585 uenisse
1061 559 1125 585 eas

231 610 355 648 saluzis
376 609 509 648 audiui
530 622 575 648 ex
596 612 714 648 nafita
734 610 800 660 qui
820 611 904 648 illas
925 610 1092 650 nexerat.
1577 616 1615 638 10

229 676 329 713 DE.
359 675 454 724 quid
474 674 592 724 gnato
613 674 794 724 obtigerit
816 688 879 714 me
899 676 1061 714 absente
1081 676 1234 723 audisti,
1259 677 1477 715 Chremes?

232 740 322 778 CH.
354 739 462 789 quod
483 752 545 777 me
567 738 751 788 equidem
773 741 919 779 factum
941 741 1079 779 consili
1105 741 1296 780 incertam
1317 741 1420 781 facit.

230 816 321 841 nam
342 804 442 841 hanc
464 803 740 842 condicionem
763 806 795 843 si
815 805 909 854 quoi
929 807 1053 844 tulero
1074 806 1248 853 extrario,

146 878 212 922 580
230 880 310 918 quo
330 868 444 917 paicto
464 875 531 906 aut
551 869 658 907 unde
679 869 775 907 mihi
795 869 843 908 sit
863 870 1081 909 dicundum
1102 871 1240 910 ordine
1260 879 1330 909 est.

230 941 268 971 te
289 932 383 971 mihi
404 933 561 971 fidelem
583 946 668 971 esse
688 932 813 983 aeque
833 942 951 984 atque
971 942 1126 985 egomet
1147 938 1233 974 siim
1254 935 1349 974 mihi
1581 954 1614 985 ¹5

230 998 391 1037 scibam.
448 999 511 1037 ssle
531 998 562 1036 si
585 1012 647 1037 me
668 998 816 1037 alienus
836 999 1008 1038 adfinem
1030 1001 1148 1047 uolet,

229 1063 383 1110 tacebit,
407 1064 502 1103 dum
524 1063 738 1103 intercedet
759 1064 996 1104 familiaritas
1012 1079 1021 1112 ;

230 1129 290 1167 sin
311 1129 497 1179 spreuerit
518 1143 591 1178 me,
615 1131 702 1180 plns
725 1143 843 1179 quam
864 1143 963 1180 opus
983 1137 1041 1169 est
1061 1129 1159 1169 scite
1179 1130 1286 1170 sciet.

144 1199 208 1244 585
230 1194 444 1243 uereorque
465 1206 514 1232 ne
534 1207 630 1233 uxor
651 1193 780 1244 aliqua
799 1195 876 1233 hoc
896 1194 1077 1233 resciscat
1097 1208 1207 1234 mea:

230 1260 338 1308 quod
359 1260 390 1297 si
410 1259 463 1306 fit,
485 1267 527 1297 ut
549 1272 611 1297 me
636 1259 826 1298 exciitiam
847 1267 965 1310 atque
986 1260 1159 1311 egrediar
1179 1261 1311 1307 domo,
1577 1275 1617 1296 20

229 1324 269 1362 id
290 1323 406 1362 restat
421 1339 431 1372 ,-
460 1337 551 1362 nam
573 1337 645 1374 ego
668 1325 844 1363 meorum
865 1326 970 1363 solus
991 1326 1078 1363 siim
1099 1337 1222 1363 meus.

229 1390 329 1428 DE.
360 1388 440 1427 scio
462 1389 514 1427 ita
534 1388 619 1428 esse
641 1396 678 1427 et
699 1388 818 1427 istaec
839 1388 934 1427 mihi
955 1402 1014 1427 res
1035 1388 1334 1436 sollicittidinist‚

230 1467 359 1504 neque
379 1453 584 1493 defetiscar
607 1456 731 1503 risque
751 1454 852 1492 adeo
873 1453 1088 1504 experirier,

145 1526 213 1563 590
231 1519 358 1558 donec
379 1519 449 1558 tibi
470 1519 509 1559 id
531 1520 639 1570 quod
661 1518 856 1569 pollicitus
877 1532 963 1557 sum
984 1518 1161 1558 effecero.

437 1639 584 1676 GETA
699 1639 967 1675 DEMlPHO
1078 1636 1350 1675 CHREMES
1575 1634 1604 1670 ii

233 1710 317 1758 Ego
338 1708 540 1747 hominem
562 1707 803 1746 callidiorem
824 1706 906 1745 uidi
926 1706 1125 1745 neminem

231 1788 349 1824 quam
372 1773 663 1812 Phormionem.
725 1771 842 1810 uenio
862 1772 913 1810 ad
932 1770 1147 1818 hominem,
1171 1778 1211 1810 ut
1233 1771 1402 1810 dicerem

230 1838 433 1888 argentum
455 1851 554 1888 opus
575 1851 660 1876 esse
682 1845 719 1876 et
740 1838 780 1876 1'd
802 1849 881 1887 quo
901 1843 1017 1886 pacto
1037 1837 1157 1874 fleret.

231 1903 296 1941 uix
316 1904 411 1941 dtim
432 1902 640 1942 dimidium
662 1903 846 1949 dixeram,
868 1900 1131 1940 intellexerat:

146 1979 211 2016 595
231 1967 437 2017 gaudebat,
462 1981 524 2006 me
544 1967 740 2014 laudabat,
764 1966 976 2017 quaerebat
996 1978 1141 2004 senem.
1578 1970 1594 2000 5

232 2032 291 2070 dis
311 2031 450 2081 gratias
471 2031 611 2081 agebat
631 2039 786 2081 tempus
807 2031 880 2069 sibi
901 2030 994 2078 dari,

232 2096 299 2134 ubi
322 2096 535 2136 Phaedriae
556 2110 641 2135 esse
663 2095 887 2135 ostenderet
907 2096 987 2134 nilo
1009 2095 1138 2134 minus

230 2162 401 2200 amicum
422 2174 506 2200 sese
527 2174 644 2211 quam
666 2151 896 2211 Antiphoni.
955 2160 1157 2199 hominem
1178 2160 1227 2199 ad
1249 2161 1375 2199 forum

276 2267 340 2304 578
363 2276 416 2296 me
432 2266 588 2305 equidem
604 2265 735 2305 scripsi:
759 2265 894 2304 quidem
913 2275 965 2295 me
981 2264 1070 2296 codd.
1218 2267 1283 2305 589
1305 2266 1350 2295 sic
1364 2264 1554 2298 Primanus

232 2312 261 2339 et
279 2309 513 2349 Eugraplzr'us:
537 2309 622 2339 adeo
643 2308 812 2339 defitiscar
832 2318 988 2348 umquam
1009 2308 1194 2347 experirier
1209 2309 1242 2338 A
1261 2322 1266 2340 :
1291 2319 1446 2348 umquam
1469 2311 1555 2341 adeo

236 2352 286 2383 G:
310 2362 465 2391 umquam
491 2362 555 2391 ego
575 2355 638 2382 cett.
826 2361 887 2391 597
913 2352 957 2382 sic
977 2350 1197 2383 Lachmann:
1224 2362 1299 2383 esse
1323 2357 1350 2383 et
1373 2363 1450 2384 sese
1473 2353 1555 2384 dant

234 2394 321 2426 codd.
340 2394 465 2426 sedibus
481 2395 561 2427 inter
574 2405 606 2426 se
623 2395 758 2426 mutatis
