1773 2750
151 115 203 152 II.
225 115 270 151 iii
642 114 682 150 P.
715 112 967 150 TERENTI
998 111 1131 149 AFRI

227 225 290 264 dic
324 225 480 264 ndmen.
550 226 643 263 ΡΗ
687 225 862 262 nomen?
928 223 1027 261 DE.
1070 221 1262 260 maxume.
1319 220 1416 271 quid
1445 222 1550 260 minc
1569 225 1634 270 385

441 297 545 328 taces
558 291 574 327 ?

225 355 319 392 PH.
362 353 456 404 perii
488 353 628 400 hercle,
662 364 808 391 nomen
840 349 1005 402 pe'rdidi.
1063 351 1162 389 DE.
1196 348 1321 403 [hem]
1343 350 1438 400 quid
1467 347 1552 388 ais?

439 420 533 456 ΡΗ
566 419 677 465 Geta,

163 497 205 528 40
225 484 255 522 si
277 483 488 522 meministi
509 483 549 522 id
570 484 678 533 quod
699 482 792 521 &lim
814 481 1011 528 dictumst,
1036 480 1181 519 sfibice.
1231 481 1334 526 hem,

224 562 305 588 non
325 550 438 588 dico:
469 548 580 599 quasi
601 561 681 586 non
703 548 850 594 n6sses‚
873 553 1108 596 temptatum
1129 545 1304 584 ⁴aiduenis.

222 615 321 652 DE.
354 627 427 664 ego
450 616 583 652 aiitem
604 614 785 662 tempto?
844 612 936 652 GE.
964 611 1128 661 Stilpho.
1188 612 1282 649 ΡΗ
1310 616 1429 660 atque
1448 610 1550 649 adeo

436 678 531 727 quid
552 679 672 716 mea?

222 740 422 791 Stilphcsst.
505 743 603 779 DE.
636 754 755 791 quem
785 740 910 780 dixti?
983 741 1077 778 ΡΗ
1110 740 1358 789 Stilphonem
1388 739 1548 789 inquam
1569 749 1637 785 390

436 807 613 845 ndueras.

220 871 319 908 DE.
351 883 480 920 neque
501 869 573 919 e'go
594 869 704 907 illum
725 881 862 907 noram
883 867 1013 918 ne'que
1033 867 1087 906 mi
1108 869 1297 917 cognatt'ls
1318 867 1390 906 fuit

159 950 200 982 45
220 934 429 985 quisquam
449 935 548 973 istoc
568 933 739 972 nomine.
797 934 891 972 ΡΗ
924 934 1058 971 itane?
1086 945 1167 970 non
1183 939 1221 970 te
1237 933 1377 971 hortim
1398 933 1549 982 pudet?

218 1007 257 1038 at
278 1001 310 1038 si
329 1001 521 1038 talentum
541 997 623 1037 rem
643 996 863 1048 reliquisset
883 998 1035 1044 decem,

217 1065 316 1102 DE.
349 1064 389 1103 di
409 1063 480 1102 tibi
500 1063 725 1102 malfaeiant
742 1065 748 1101 ἒ
804 1064 898 1101 ΡΗ
930 1063 1078 1112 primus
1099 1074 1204 1100 esses
1225 1061 1449 1100 rne'moriter

217 1128 445 1179 progeniem
465 1135 639 1167 nostram
660 1140 786 1178 usque
806 1127 857 1166 zib
875 1140 952 1166 auo
973 1134 1092 1177 atque
1112 1134 1230 1165 atauo
1250 1127 1460 1176 pr6ferens.
1568 1132 1633 1168 395

216 1194 315 1231 DE.
347 1193 399 1231 ita
419 1200 461 1231 ut
482 1192 589 1231 dicis.
649 1205 722 1242 ego
742 1199 826 1231 tum
847 1205 968 1242 quom
990 1191 1252 1239 aduenissem,
1274 1193 1342 1242 qui
1362 1191 1457 1230 mihi

157 1272 199 1304 50
217 1258 383 1308 cogneita
403 1271 448 1296 ea
469 1264 570 1296 esset
591 1257 762 1296 dicerem
779 1272 786 1295 :
817 1256 953 1295 itidem
975 1258 1016 1294 tii
1038 1257 1132 1295 face.

217 1323 317 1362 cedo
347 1322 415 1373 qui
444 1322 502 1361 est
532 1323 728 1372 cognata?
803 1323 894 1362 GE.
937 1334 986 1360 eu
1016 1322 1159 1368 ndster,
1192 1328 1305 1360 recte.
1365 1321 1463 1360 heus
1492 1323 1545 1368 tii,

431 1400 538 1426 caue.

215 1452 309 1490 ΡΗ
341 1451 514 1490 dihicide
535 1450 717 1501 expediui
738 1450 882 1501 quibus
904 1464 967 1489 me
987 1451 1159 1502 0p6rtuit

215 1515 435 1555 iudicibus:
464 1523 548 1554 tum
569 1515 610 1554 id
630 1515 661 1554 si
682 1515 823 1554 fzilsum
844 1516 979 1563 fuerat,
1001 1516 1105 1555 filius
1563 1519 1634 1554 400

215 1594 314 1631 quor
334 1581 415 1620 n6n
435 1579 603 1619 refellit?
657 1581 755 1618 DE.
788 1580 913 1619 filiurn
935 1581 1065 1620 narres
1086 1580 1211 1620 mihi?

154 1659 194 1692 55
214 1645 356 1696 quoius
377 1644 426 1685 de
448 1644 610 1683 stultitia
630 1645 708 1684 dici
729 1652 771 1684 ut
792 1645 993 1695 dignumst
1015 1647 1096 1686 nc'm
1116 1653 1255 1697 potest.

213 1712 306 1749 ΡΗ
338 1718 377 1749 at
397 1712 439 1749 tt'l
459 1710 527 1760 qui
548 1710 703 1760 sapiens
725 1710 766 1749 e's
788 1710 1034 1761 magistrattis
1054 1711 1131 1758 adi,

213 1775 402 1814 iudicium
423 1776 473 1814 de
494 1776 633 1814 eadem
655 1777 773 1815 caiisa
795 1775 935 1815 iterum
955 1784 997 1814 ut
1018 1776 1184 1816 reddant
1204 1774 1287 1823 tibi,

214 1840 539 1890 quand6quidem
560 1842 667 1879 solus
687 1840 825 1892 re'gnas
846 1848 885 1880 et
905 1843 978 1880 soli
998 1841 1088 1880 licet
1562 1844 1628 1880 405

212 1905 277 1943 hic
296 1906 346 1944 de
367 1905 505 1944 eddem
527 1919 644 1944 causa
665 1906 723 1944 bis
745 1906 935 1946 iudicium
955 1906 1129 1957 apiseier.

151 1972 193 2005 60
211 1970 310 2007 DE.
342 1970 414 2008 etsi
434 1969 531 2007 mihi
551 1971 653 2008 facta
674 1970 860 2018 inidriast,
885 1973 1021 2010 ueriim
1043 1979 1175 2010 tamen

211 2034 342 2084 potitis
363 2047 482 2085 quam
504 2035 580 2073 litis
602 2035 726 2074 secter
746 2043 813 2074 aut
834 2049 952 2086 quam
974 2044 1012 2075 te
1031 2037 1202 2083 afidfflm,

211 2099 346 2138 itidem
368 2101 410 2138 iit
431 2107 597 2150 cognata
617 2101 649 2138 si
670 2100 728 2147 sit,
752 2100 792 2139 id
814 2102 922 2151 quod
943 2101 1003 2140 le'x
1024 2102 1132 2151 iubet

210 2164 314 2202 dotis
335 2165 438 2211 dare,
461 2164 592 2202 abduc
612 2164 725 2211 haine,
749 2165 874 2203 minas
896 2165 1071 2216 quinque
1091 2166 1237 2216 decipe.
1558 2173 1628 2207 410

254 2268 317 2306 385
340 2267 385 2298 sic
400 2266 595 2298 Fleckeisen:
622 2278 777 2298 maxume
796 2267 994 2299 Phormioni
1003 2269 1145 2300 tribuont
1161 2269 1249 2301 codd.
1372 2271 1436 2310 386
1461 2272 1539 2302 hem

210 2320 275 2341 om.
304 2311 336 2340 A
481 2311 546 2349 388
571 2320 691 2342 nosses
714 2311 747 2341 A
769 2323 775 2342 :
813 2312 903 2343 noris
920 2315 944 2342 Σ
1091 2322 1153 2352 394
1179 2312 1371 2346 malsaciant
1395 2314 1537 2347 Ritsclzl:

211 2354 424 2385 malefaciant
438 2354 525 2386 codd.
629 2355 695 2393 406
718 2355 863 2395 apiscier
879 2355 1029 2396 Bentley:
1055 2357 1236 2396 adipiscier
1252 2357 1339 2389 codd.
1475 2368 1540 2399 410

211 2398 318 2429 abduc
335 2398 367 2428 A
387 2410 393 2428 :
417 2398 546 2429 abduce
563 2401 587 2429 Σ
