1773 2750
103 115 150 152 V.
170 114 216 151 iv
588 116 627 152 P.
661 115 910 152 TERENTI
943 115 1074 152 AFRI

117 619 152 650 15

114 1145 154 1168 20

114 1599 152 1631 ²5

172 227 260 265 ΡΑ.
291 225 397 276 perii,
430 233 563 264 metuo
593 233 633 264 ut
663 225 813 264 sribstet
843 226 997 276 hospes.
1060 226 1148 265 CH.
1180 225 1222 271 si,
1249 224 1367 272 Simo,
1391 225 1496 264 hunc

387 291 491 329 noris
512 289 614 337 satis,

173 355 254 393 non
274 354 327 393 ita
345 354 552 393 arbitrere:
582 355 711 393 bonus
731 361 789 393 est
809 355 873 393 hic
893 354 962 393 uir.
1022 355 1088 394 SI.
1110 347 1173 393 hic
1193 353 1252 393 uir
1272 354 1320 392 sit
1339 353 1498 392 bonus?
1516 359 1583 397 915

172 420 277 457 itane
297 419 564 469 adtempera'tte
584 418 726 465 euenit,
749 418 869 458 hodie
889 418 929 456 in
949 418 1043 468 ipsis
1062 418 1209 468 miptiis

174 486 216 521 tit
236 482 397 529 ueniret,
428 483 596 522 zintehac
624 484 871 533 numquam?
903 489 962 522 est
991 482 1084 522 ue'ro
1114 482 1205 522 huic
1239 483 1500 530 credundr'lm,

389 548 591 587 Chremes.

173 613 262 650 ΡΑ.
293 613 334 650 ni
372 619 545 651 metuam
583 618 745 663 patrem,
787 611 915 650 haibeo
953 623 1025 662 pro
1063 610 1128 649 illa
1161 624 1201 650 re
1238 612 1348 650 illum
1390 611 1501 662 quod

388 676 571 715 monez'tm
593 677 726 727 probe.

173 742 238 781 SI.
261 742 514 791 sycophanta.
577 743 660 781 CR.
683 742 786 780 hem.
849 742 937 781 CH.
961 741 1026 788 sic,
1046 740 1168 789 Crito,
1181 747 1238 780 est
1258 740 1345 780 hic:
1375 741 1496 780 mitte.

391 807 474 845 CR.
507 805 640 845 uideat
659 807 727 857 qui
747 806 828 845 siet.

173 871 204 909 si
225 870 321 909 mihi
340 878 473 921 perget
494 870 594 921 quae'
614 872 697 910 uolt
718 871 858 917 dicere,
882 870 927 910 ea
947 884 1048 921 quae
1068 884 1149 910 non
1170 871 1252 909 uolt
1272 869 1415 908 atidiet.
1517 881 1588 918 920

174 932 246 985 ego
262 935 381 974 istaec
398 948 542 974 moueo
557 942 623 975 aut
639 937 756 975 exiro?
785 949 865 974 non
881 943 923 974 tu
937 936 1047 974 tuom
1064 936 1210 974 malum
1227 948 1354 985 aequo
1367 933 1501 974 animo

388 1001 516 1039 feras?

174 1078 265 1103 nam
287 1064 359 1115 ego
379 1078 480 1115 quae
505 1065 595 1104 dico
616 1066 707 1104 uera
726 1078 776 1104 an
800 1066 896 1104 falsa
914 1065 1116 1113 audierim,
1139 1065 1216 1103 iam
1237 1063 1325 1103 sciri
1344 1071 1484 1114 potest.

174 1119 328 1168 Atticus
349 1129 509 1179 quidam
531 1129 624 1169 olim
646 1129 737 1168 naui
757 1129 877 1168 freicta
895 1131 946 1168 ad
966 1131 1146 1168 Andrum
1167 1128 1314 1168 eie'ctus
1335 1136 1393 1167 est

173 1194 211 1232 e't
231 1193 350 1232 istaec
370 1207 449 1232 una
468 1194 589 1244 peirua
608 1194 728 1245 uirgo.
788 1197 871 1232 uim
892 1193 956 1233 ille
977 1206 1095 1244 egens
1116 1195 1214 1232 forte
1233 1192 1404 1243 adplicat

173 1260 341 1309 primum
376 1259 427 1297 ad
461 1258 663 1309 Chrysidis
697 1266 847 1310 patrem
882 1272 932 1297 se.
1014 1260 1079 1297 SI.
1111 1258 1283 1297 fabulam
1314 1257 1497 1309 inceptet.
1520 1270 1584 1307 925

392 1325 481 1363 CH.
512 1324 605 1364 sine.

179 1389 262 1428 CR.
294 1389 398 1427 itane
427 1401 521 1427 uero
554 1389 768 1428 obttirbat?
832 1390 920 1429 CH.
953 1402 1069 1440 perge
1102 1396 1155 1428 tu.
1229 1389 1313 1428 CR.
1344 1389 1375 1426 is
1405 1387 1502 1426 mihi

388 1456 577 1504 cognatris
598 1454 669 1492 fuit

174 1517 241 1567 qui
262 1520 351 1556 etim
373 1518 528 1568 recepit.
588 1519 642 1557 ibi
662 1531 735 1568 ego
755 1518 889 1557 audiui
910 1531 956 1557 ex
976 1519 1042 1556 illo
1063 1531 1147 1556 sese
1167 1530 1253 1556 esse
1273 1507 1461 1555 Atticum.

174 1583 205 1621 is
226 1582 279 1621 ibi
301 1584 503 1622 mortuost.
567 1585 654 1623 CH.
681 1583 764 1622 eius
785 1585 962 1622 nomen?
1022 1584 1103 1622 CR.
1131 1583 1277 1621 nomen
1294 1588 1373 1620 tam
1395 1581 1502 1620 cito?

387 1649 475 1686 PA.
508 1648 667 1686 Phania.
731 1649 820 1687 CH.
851 1648 953 1695 hem,

174 1711 270 1762 perii
287 1714 292 1750 ἒ
354 1713 438 1751 CR.
460 1726 597 1751 uerum
617 1714 747 1752 hercle
768 1713 908 1763 opinor
923 1711 1041 1750 fuisse
1057 1710 1248 1750 Phimiam
1263 1726 1273 1759 3
1302 1711 1379 1750 hoc
1394 1711 1501 1749 certo

396 1777 487 1824 scio,

176 1843 467 1883 Rhammisium
489 1855 529 1881 se
549 1841 679 1881 aiebat
695 1855 791 1882 esse.
850 1842 938 1882 CH.
961 1854 985 1880 o
1003 1840 1202 1891 Ilippiter!
1255 1842 1338 1880 CR.
1361 1841 1499 1879 eadem
1520 1851 1589 1887 930

389 1907 496 1954 haec,
520 1908 720 1953 Chremes,

174 1974 286 2013 multi
313 1973 376 2011 alii
403 1972 443 2010 in
470 1973 609 2010 Andro
635 1979 719 2010 tum
739 1971 885 2010 addire.
949 1972 1037 2011 CIJ.
1069 1970 1219 2008 utinam
1247 1970 1287 2008 id
1315 1971 1362 2008 sit
1392 1970 1500 2020 quod

389 2040 525 2088 spero!
555 2037 642 2084 eho,
665 2037 729 2075 dic
749 2036 855 2082 mihi,

216 2152 282 2182 920
305 2146 426 2182 perget
457 2139 515 2171 A:
555 2139 665 2180 pergit
696 2139 852 2170 Donatus
880 2138 915 2169 in
945 2138 1057 2169 lemm.
1218 2148 1278 2177 921
1305 2148 1424 2168 moueo
1457 2141 1500 2169 2:

174 2196 294 2217 moneo
318 2185 350 2215 A
377 2188 406 2214 et
417 2183 498 2223 sort.
525 2183 558 2213 E
643 2182 732 2213 seras
756 2182 810 2212 A:
844 2182 933 2212 seres
958 2186 981 2212 Σ
1167 2192 1230 2221 922
1254 2182 1418 2212 audierim
1442 2182 1499 2213 A:

173 2229 319 2260 audieris
336 2227 411 2259 A‘22
594 2227 658 2265 926
682 2235 786 2265 perge
803 2230 839 2256 tu
856 2224 989 2264 Bentley
1006 2236 1012 2255 :
1039 2234 1152 2264 perge.
1202 2234 1255 2256 CR.
1277 2230 1346 2255 turn
1364 2225 1392 2255 is
1407 2223 1495 2255 codd.

172 2273 237 2311 928
259 2272 304 2302 sic
318 2270 468 2311 Bentley:
495 2270 560 2301 cito
576 2270 633 2300 tibi
647 2269 775 2300 Phania
792 2268 825 2298 A
845 2279 852 2299 :
875 2268 940 2299 cito
957 2268 1015 2298 tibi
1034 2272 1056 2299 Σ
1210 2278 1271 2307 931
1298 2273 1367 2299 tum
1385 2269 1500 2299 audire

172 2315 366 2390 {leckleisenz
401 2320 469 2345 tum
502 2313 663 2344 audiuere
693 2311 869 2343 ABCEP:
905 2317 974 2342 tum
1007 2311 1144 2342 audiere
1170 2310 1291 2343 DGV:
1324 2316 1393 2342 turn
1419 2312 1502 2342 eiecit

206 2363 304 2399 enley
