1773 2750
112 133 159 170 V.
180 132 210 168 ii
605 135 646 171 P.
678 135 930 173 TERENTI
962 136 1094 172 AFRI

180 250 246 281 aut
273 243 390 282 scibis
411 244 552 294 quoius
579 244 641 283 sis.
706 247 783 284 CL.
817 244 919 284 recte
947 247 1110 284 suades:
1147 245 1364 284 saciam.—-
1425 248 1506 285 Sy,

395 316 453 347 sat
473 317 577 348 recte
598 310 673 348 hoc
695 309 790 348 mihi

181 372 220 410 in
244 372 416 412 mentem
446 373 554 412 uenit
570 388 580 421 3
610 374 700 412 nam
729 388 848 424 quam
877 389 1059 414 maxume
1085 377 1177 414 huic
1204 390 1307 415 uana
1326 378 1423 415 haec
1450 391 1508 415 su-

395 438 518 488 spicio

120 516 160 547 45
180 502 261 548 erit,
286 502 364 540 tarn
386 502 583 541 facillume
604 503 723 553 patris
743 516 881 553 pacem
907 503 946 542 in
967 505 1071 554 leges
1091 506 1274 545 conficiet
1294 519 1393 544 suas.

180 566 298 604 etiam
320 568 427 605 haud
448 567 530 605 scio
551 581 601 605 an
622 569 700 605 iam
722 569 884 607 uxorem
906 570 1047 607 ducat:
1077 570 1120 607 at
1136 572 1232 620 Syro
1248 571 1302 609 nil
1322 571 1466 621 gratiae
1484 574 1490 609 ἕ

180 631 277 681 quid
299 633 375 670 hoc
395 634 558 671 autem?
587 646 706 672 senex
728 634 805 672 exit
825 634 949 672 foras:
978 647 1051 684 ego
1071 634 1188 685 fugio.
1247 637 1378 674 adhuc
1399 637 1508 686 quod
1531 647 1620 673 1000

395 697 590 745 factumst,

180 760 297 800 miror
326 775 407 801 non
437 762 627 801 continuo
653 761 792 816 [hunc]
821 763 945 814 abripi
975 763 1101 803 iusse:
1140 765 1190 804 ad
1221 766 1507 805 Menedemum

394 828 500 865 hunc
520 827 689 878 pergam.

179 905 270 930 eum
292 891 388 930 mihi
409 891 651 942 precatorem
673 905 766 942 paro
784 907 791 934 :
820 892 904 932 seni
925 894 1058 933 nestro
1079 893 1133 932 nil
1155 893 1246 934 fidei
1267 895 1406 935 habeo.

119 1038 163 1075 iii
505 1037 794 1075 SOSTRATA
914 1038 1187 1077 CHREMES

182 1134 261 1172 SO.
296 1133 477 1172 Profecto
505 1133 579 1172 nisi
614 1134 729 1172 caues
760 1142 800 1173 tu
832 1135 964 1183 homo,
996 1135 1145 1185 aliquid
1174 1136 1293 1186 gnato
1322 1136 1507 1175 conficies

396 1198 486 1236 mali
504 1212 514 1245 ,·

180 1262 299 1312 idque
319 1263 420 1302 adeo
441 1262 566 1309 miror,
591 1264 670 1313 quo
692 1265 812 1303 modo

180 1335 259 1366 tam
280 1327 457 1378 ineptum
479 1328 691 1378 quicquam
712 1328 783 1367 tibi
803 1328 937 1368 uenire
958 1329 997 1367 in
1019 1328 1202 1377 mentem,
1227 1329 1279 1368 mi
1307 1330 1375 1378 uir,
1397 1331 1508 1382 potu·
1528 1346 1613 1382 1005

395 1392 475 1431 erit.

182 1459 271 1497 CH.
304 1459 367 1505 oh,
397 1457 531 1508 pergin
560 1458 698 1497 mulier
725 1460 839 1498 esse?
877 1461 1080 1499 nullamne
1108 1459 1181 1511 ego
1208 1474 1287 1500 rem
1319 1475 1506 1512 umquam

396 1522 435 1561 in
457 1523 537 1561 uita
559 1537 646 1562 mea

142 1608 159 1638 5
181 1589 288 1626 uolui
308 1587 403 1638 quin
425 1595 465 1626 tu
487 1588 526 1626 in
547 1601 592 1626 ea
612 1588 651 1626 re
675 1589 725 1626 mi
748 1589 864 1627 fueris
886 1590 1136 1637 a'duorsatrix,
1161 1591 1362 1629 Sostrata?

179 1653 270 1691 atsi
299 1666 431 1703 rogem
459 1652 535 1690 iam
566 1654 662 1702 quid
691 1661 748 1691 est
779 1655 886 1703 quod
915 1667 1076 1704 peccem
1106 1662 1172 1693 aut
1199 1669 1317 1706 quam
1345 1656 1397 1695 ob
1426 1670 1505 1696 rem

394 1718 470 1756 hoc
490 1716 620 1764 facias,
643 1717 805 1764 nescias,

179 1782 218 1821 in
253 1782 331 1833 qua
364 1796 403 1821 re
424 1796 529 1821 nunc
563 1790 643 1821 tam
677 1783 921 1823 confidenter
955 1783 1084 1831 restas,
1122 1787 1248 1824 stulta.
1322 1787 1400 1826 SO.
1433 1800 1506 1837 ego

394 1847 557 1886 nescio?

181 1913 271 1952 CH.
303 1912 426 1952 immo
446 1912 520 1951 scis
548 1914 678 1965 potius
701 1915 819 1966 quam
847 1915 1008 1966 quidem
1035 1917 1168 1956 redeat
1195 1917 1343 1968 integra
1366 1919 1505 1957 eadem
1526 1930 1616 1957 1010

393 1978 526 2018 oratio.
586 1981 666 2020 SO.
699 1982 761 2027 oh,

214 2091 283 2129 997
306 2082 352 2112 sic
366 2092 499 2113 uersum
515 2095 554 2115 ex
570 2084 603 2115 A
624 2086 760 2116 reslt'tmt
786 2085 940 2126 Geppert:
971 2096 1116 2125 namque
1137 2086 1338 2118 adulescens
1355 2088 1452 2126 quam
1471 2088 1504 2119 in

180 2123 316 2155 minima
332 2135 392 2165 spe
410 2126 494 2158 situs
508 2128 572 2158 erit
590 2131 614 2158 Σ
739 2139 805 2168 999
829 2129 892 2160 iam
911 2128 985 2160 add.
1006 2128 1181 2169 ΒειαίεΙεο
1200 2141 1253 2170 qut
1269 2132 1366 2160 etiam
1391 2136 1425 2161 at
1442 2136 1506 2171 pto
1538 2134 1541 2135 ’

179 2177 217 2196 ac
234 2168 309 2208 legtt
444 2181 523 2202 1001
550 2182 594 2201 su:
606 2170 792 2203 Dzmtzko:
818 2173 919 2203 miror
939 2173 1099 2203 continuo
1125 2155 1212 2203 hui1c
1237 2173 1427 2212 adripuisse
1443 2174 1505 2204 A:

180 2211 283 2242 miror
299 2222 367 2243 non
386 2214 524 2246 iussisse
542 2214 618 2245 ilico
635 2216 737 2255 arripi
755 2226 807 2246 me
826 2219 869 2247 Σε
895 2216 999 2246 miror
1015 2227 1082 2247 non
1100 2216 1191 2247 insse
1209 2225 1261 2246 me
1286 2216 1390 2256 abripi
1413 2218 1503 2248 hunc

181 2264 271 2285 nunc
303 2258 344 2287 ad
370 2257 459 2289 Men.
494 2257 624 2298 Bentley
773 2269 853 2290 1002
880 2259 957 2290 fidei
990 2259 1036 2290 nil
1067 2259 1178 2291 codd*
1218 2263 1339 2300 lrausp.
1375 2260 1506 2300 Bentley

184 2299 267 2329 1006
289 2300 410 2331 mulier
433 2311 508 2332 esse
533 2305 577 2333 Σ;
613 2301 734 2333 mulier
758 2303 875 2333 odiosa
900 2312 976 2333 esse
992 2301 1025 2332 A
1122 2302 1289 2334 nullamne
1319 2303 1407 2335 codd.
1437 2307 1502 2334 cett.

181 2341 328 2374 ullamne
345 2343 377 2373 E
545 2354 628 2377 1010
653 2346 787 2385 integra
809 2344 863 2376 D
850 2345 992 2377 iatskoz
1026 2346 1068 2377 ad
1084 2346 1252 2385 integrum
1269 2347 1387 2378 eadem
1405 2347 1505 2388 (haec

181 2386 311 2427 eadem)
330 2386 417 2418 codd.
