1773 2750
534 117 807 155 HEAVTON
839 117 1261 157 TIMORYMENOS
1506 121 1558 158 II.
1582 121 1626 157 iii

146 229 209 273 285
232 222 427 262 texentem
449 222 566 260 telam
588 219 762 259 stridiose
784 218 907 269 ipsam
929 219 1180 267 offendimus,

183 290 187 296 '
234 286 481 326 mediocriter
500 284 681 323 uestitam
703 290 812 321 ueste
833 282 986 332 higubri
1577 301 1616 331 45

231 350 331 401 (eius
352 350 463 388 :inuis
483 360 601 387 causa
620 348 761 397 opinor
781 359 881 396 quae
902 354 982 385 erat
1003 347 1187 396 mortua),

230 415 313 453 sine
332 416 451 461 ariro3
481 420 563 452 tum
586 419 762 450 ornatam
784 412 835 449 ita
856 410 911 449 uti
932 424 1032 461 quae
1053 413 1239 449 ornantiir
1259 411 1346 459 sibi,

231 478 338 517 nullzi
358 479 459 516 mala
478 491 518 516 re
538 475 812 526 interpolatam
835 475 1013 513 miiliebri
1028 489 1038 522 ,·

142 557 210 592 290
230 545 391 594 capillus
413 555 548 593 passus
569 540 718 591 prolixe
738 547 776 579 et
796 539 942 577 circiim
964 547 1081 590 caput

229 607 395 647 reiectus
416 604 687 655 neclegenterg
717 617 802 655 pax.
865 604 1015 642 CLJN.
1048 605 1140 653 Syre
1162 603 1228 651 mi,
1250 604 1424 650 obsecro,
1576 617 1616 647 50

229 685 278 710 ne
300 685 362 710 me
384 672 423 709 in
444 670 630 709 laetitiam
651 670 791 707 frristra
811 668 993 706 coniciz'ts.
1054 669 1135 707 SV.
1166 681 1264 706 anus

229 736 436 775 subtemen
457 736 586 773 nebat.
645 733 843 784 praeterea
863 746 941 771 una
961 734 1143 771 ancillula

228 808 333 848 erat3
362 802 407 838 e'a
427 800 585 838 texebat
606 801 694 845 rina,
717 798 858 848 pannis
880 797 1018 844 obsita,

141 878 206 914 295
228 865 413 911 neclecta,
438 864 629 902 inmunda
649 862 808 901 inhiuie.
871 864 1014 902 CLIT.
1047 862 1077 900 si
1099 863 1196 900 haec
1217 869 1317 909 sunt,
1342 862 1480 908 Clinia,

228 942 331 975 uera,
353 930 406 967 ita
425 928 481 967 uti
502 929 631 974 credo,
656 927 742 977 quis
762 934 800 965 te
820 934 878 965 est
899 926 1159 965 fortunatior?
1574 937 1611 968 55

227 993 310 1031 scin
331 993 433 1031 heinc
454 1006 573 1043 quarn
594 991 689 1030 dicit
710 991 951 1030 sordidatam
972 999 1010 1030 et
1029 991 1240 1038 horridam,

227 1071 413 1108 magnum
461 1059 538 1097 hoc
585 1069 744 1107 quoque
792 1055 992 1106 signumst‚
1050 1056 1253 1095 dominam
1308 1068 1393 1094 esse
1449 1062 1555 1094 extra

439 1121 608 1168 noxiam,

226 1186 308 1225 eius
329 1187 450 1236 quom
471 1194 550 1224 tam
572 1187 828 1235 neclegiintur
848 1184 1085 1223 intermintii.

140 1265 208 1300 300
226 1264 317 1289 nam
338 1250 580 1301 disciplinast
602 1251 656 1289 eis
677 1249 967 1289 demunere'trier

225 1316 384 1353 ancillas
405 1315 573 1365 primum
595 1316 646 1353 ad
667 1313 846 1353 dominas
867 1313 934 1363 qui
953 1313 1152 1352 adfectant
1173 1313 1289 1352 uiam.
1569 1319 1610 1352 60

230 1381 379 1419 CLIN.
411 1393 537 1430 perge,
561 1380 725 1418 obsecro
746 1387 795 1425 te,
818 1386 855 1417 et
876 1378 972 1417 crine
992 1392 1042 1416 ne
1062 1380 1197 1417 falsam
1218 1378 1378 1428 gratiam

225 1445 382 1483 stude-eis
403 1444 510 1483 inire.
570 1446 665 1494 quid
685 1448 748 1490 ait,
772 1443 840 1482 ubi
861 1457 923 1482 me
944 1443 1154 1482 nominas?

226 1511 258 1547 S
270 1511 308 1547 Y.
341 1509 408 1547 ubi
429 1508 596 1547 dicimus
618 1510 763 1547 redisse
786 1515 822 1546 te
843 1514 881 1546 et
902 1508 1034 1557 rogs'tre
1055 1508 1110 1546 uti

140 1589 204 1626 305
226 1576 375 1614 ueniret
395 1576 446 1613 ad
465 1582 514 1621 te,
538 1575 675 1614 miilier
695 1576 812 1613 telam
833 1574 975 1613 desinit

225 1641 414 1678 continuo
435 1646 472 1677 et
492 1639 672 1678 lacrumis
694 1640 827 1689 opplet
847 1652 891 1677 os
912 1640 1036 1677 totiim
1059 1639 1143 1684 sibi,
1567 1646 1607 1688 65

226 1712 267 1742 ut
288 1704 399 1742 fzicile
420 1704 518 1742 scias
539 1704 734 1743 desiderio
756 1704 796 1742 id
817 1705 898 1742 fieri
918 1711 998 1742 tuo.

230 1770 379 1807 CLIN.
410 1782 501 1819 prae
521 1769 676 1819 gaiidio,
700 1769 751 1807 ita
773 1782 835 1807 me
856 1769 896 1807 di
916 1777 1059 1815 ament,
1082 1769 1149 1807 ubi
1171 1769 1243 1807 sim
1264 1768 1421 1808 nescio:

225 1832 277 1871 ita
296 1832 418 1871 timui.
482 1835 624 1873 CLIT.
655 1842 694 1872 at
715 1848 787 1884 ego
807 1835 861 1873 nil
882 1835 966 1874 e'sse
987 1835 1146 1882 scibam,
1170 1835 1308 1874 Clinia.

140 1914 207 1949 310
224 1911 294 1947 age
315 1899 410 1937 drim
431 1897 614 1945 uicissim,
637 1900 740 1948 Syre,
764 1899 827 1938 dic
848 1913 949 1949 quae
969 1899 1070 1938 illast
1089 1900 1236 1938 eiltera?

224 1964 257 2001 S
268 1963 306 2000 Y.
341 1963 576 2001 addi'icimus
615 1970 721 2001 tuam
762 1963 1013 2002 Baicchidem.
1101 1965 1243 2003 CLJT.
1280 1965 1382 2011 hem,
1422 1964 1547 2014 quid?
1569 1976 1606 2008 :0

439 2027 676 2067 Beicchidem
691 2029 707 2065 ?

266 2132 330 2170 289
354 2131 506 2170 Bentley:
531 2132 619 2162 mala
645 2131 798 2171 (malam)
816 2143 852 2162 re
873 2132 1055 2171 expolitam
1083 2132 1195 2164 codd.:
1229 2132 1320 2163 nulla
1346 2138 1417 2163 arte
1446 2133 1548 2164 malas

225 2184 299 2214 exp.
320 2174 516 2206 Fleckeisen:
542 2175 632 2205 nulla
652 2175 738 2205 mala
756 2185 791 2205 re
815 2185 854 2205 os
877 2186 953 2215 exp.
977 2175 1141 2206 Dzz'atzko
1272 2186 1336 2214 290
1360 2185 1478 2215 passus
1502 2180 1546 2208 Σῑ

224 2227 332 2257 pexus
349 2216 381 2246 A
398 2220 428 2248 et
441 2217 597 2248 Donatus
685 2218 815 2257 prolixe
832 2222 865 2248 et
884 2218 1056 2249 Fleckeisen
1073 2229 1080 2250 :
1106 2218 1256 2258 prolixus
1273 2218 1358 2249 codd.
1485 2229 1546 2258 297

225 2259 395 2290 horridam
427 2259 582 2301 Madvig:
622 2261 792 2291 sordidam
819 2260 906 2293 codd.
1055 2273 1118 2301 299
1141 2262 1337 2292 Fleckeisen:
1376 2272 1450 2292 cnm
1482 2268 1546 2293 tam

226 2302 455 2342 negleguntur
468 2304 541 2334 eius
556 2303 727 2334 BCEFP:
755 2314 829 2334 cum
857 2305 931 2335 eius
957 2310 1024 2335 tam
1049 2305 1137 2344 negl.
1166 2309 1229 2335 cett.
1258 2308 1286 2335 et
1306 2304 1392 2345 uolg.
1483 2315 1548 2344 300

227 2347 277 2376 eis
293 2346 548 2377 demunerarier
564 2346 650 2377 FP*
668 2358 674 2377 :
698 2347 804 2378 isdem
823 2348 1032 2378 munerarier
1048 2352 1111 2379 cett.
1203 2358 1264 2387 307
1289 2348 1377 2379 scias
1394 2347 1524 2387 Bentley
1540 2360 1545 2377 z

227 2389 333 2420 scires
349 2388 436 2420 codd.
458 2401 465 2420 :
488 2390 592 2420 scires
610 2390 779 2421 desiderio
798 2391 870 2421 fieri
887 2390 989 2420 Bothe
1004 2394 1033 2421 et
1048 2391 1132 2430 uolg.
