1773 2750
734 107 1004 146 PHORMIO
1475 109 1519 144 V.
1541 108 1586 144 vi

206 220 378 259 Animam
400 218 623 271 compressi,
639 220 771 258 adrem
787 217 947 256 admoui
966 232 972 255 :
1002 217 1054 255 ita
1075 216 1251 255 animum
1272 217 1382 267 coepi
1405 217 1525 255 atte‘n-

420 286 523 331 dere,

208 351 284 389 hoe
313 350 434 388 modo
463 349 683 387 sermonem
714 354 887 397 captans.
944 346 1038 384 PH.
1070 348 1131 393 eti,
1155 346 1274 384 Geta.
1340 347 1430 385 GE.
1463 346 1527 384 hic

419 412 724 464 pulcherrimum

121 485 188 528 870
206 479 356 518 fzicinus
375 478 510 518 audiui
528 494 535 517 :
565 479 696 527 itaque
716 489 842 526 paene
862 477 993 514 hercle
1013 474 1228 514 exclamaui
1248 474 1402 525 gatidio.
1546 491 1586 521 30

204 545 300 583 AN.
340 544 478 594 quod?
551 543 642 582 GE.
683 542 792 591 quod
829 553 921 578 nam
959 540 1172 579 arbitrare?
1244 541 1340 578 AN.
1381 539 1524 578 nescio.

423 608 513 647 GE.
545 606 653 656 atqui
674 605 1005 644 mirificissumum
1025 620 1032 644 :

204 674 363 724 patruos
392 679 480 710 tuos
510 678 568 710 est
597 671 706 721 pater
736 670 921 709 inuentus
950 669 1102 708 Phanio
1129 670 1238 708 uxori
1272 676 1372 707 tuae.
1432 670 1527 707 AN.

419 734 558 789 [hem]

204 803 299 854 quid
319 804 406 841 ais?
464 803 555 842 GE.
587 814 677 840 cum
699 800 782 840 eius
809 798 1016 839 consueuit
1043 799 1137 838 olim
1163 800 1285 837 matre
1312 798 1351 836 in
1375 800 1529 838 Lemno

418 867 653 905 clanculum.

205 934 297 972 ΡΗ
330 931 552 972 somnium:
581 930 690 969 utine
714 931 812 969 haec
836 930 1029 980 ignoraret
1056 929 1169 968 suom
1196 930 1376 980 patrem?
1436 929 1528 968 GE.

418 995 567 1046 aliquid
588 995 748 1042 credito,

119 1065 184 1110 875
207 1060 404 1108 Phormio,
426 1073 511 1099 esse
531 1062 681 1098 caiisae.
741 1059 812 1098 sed
831 1071 895 1098 me
915 1057 1060 1098 ce'nsen
1081 1057 1255 1108 potuisse
1276 1057 1408 1096 omnia
1550 1070 1587 1102 35

204 1127 428 1176 intellegere
449 1132 553 1164 extra
574 1124 728 1171 6stium‚
753 1123 857 1162 intus
877 1136 979 1174 quae
999 1124 1098 1162 inter
1118 1135 1202 1161 sese
1223 1122 1296 1172 ipsi
1317 1122 1494 1172 egerint?

205 1191 299 1229 AN.
332 1190 449 1239 atque
470 1202 543 1239 ego
559 1201 718 1239 quoque
738 1187 915 1228 inaudiui
936 1188 1066 1226 hercle
1086 1187 1191 1225 illam
1212 1187 1396 1225 fabulam.
1434 1187 1526 1226 GE.

420 1252 542 1291 immo
563 1253 681 1291 etiam
702 1253 807 1291 dabo

205 1318 285 1368 quo
307 1317 428 1368 magis
449 1318 584 1356 credas
604 1331 611 1354 ε
641 1318 799 1367 patruos
819 1316 967 1355 interea
988 1316 1080 1354 inde
1096 1317 1173 1354 huc
1189 1315 1384 1366 egredittir
1405 1315 1506 1353 foras
1523 1329 1529 1352 :

206 1383 313 1422 hatid
334 1383 458 1421 multo
480 1388 569 1432 post
590 1384 680 1420 etim
701 1388 808 1432 patre
833 1381 938 1420 idem
959 1380 1095 1431 recipit
1116 1394 1157 1420 se
1178 1380 1280 1419 intro
1300 1379 1433 1419 de'nuo
1453 1395 1460 1418 :

119 1453 188 1488 880
205 1448 258 1486 z't‘it
279 1454 442 1497 uterque
462 1446 531 1485 tibi
553 1453 789 1497 potestatem
810 1445 892 1484 eius
912 1445 1162 1484 adhibendae
1183 1445 1277 1484 dari.
1550 1465 1592 1496 40

205 1511 377 1562 denique
398 1524 471 1562 ego
492 1525 578 1550 sum
602 1512 753 1559 missus,
769 1518 807 1550 te
828 1518 870 1549 ut
890 1511 1124 1560 requirerem
1145 1517 1263 1560 atque
1279 1510 1528 1549 addt'icerem.

205 1578 300 1615 AN.
332 1578 427 1627 quin
448 1589 539 1627 ergo
556 1590 646 1627 rape
664 1576 751 1615 me:
782 1575 878 1626 quid
895 1576 1053 1614 cessas?
1114 1576 1205 1614 GE.
1237 1574 1376 1613 fecero.
1434 1576 1529 1613 AN.

421 1654 444 1680 o
466 1642 519 1679 mi
541 1642 740 1689 Phormio,

207 1706 300 1744 vale.
359 1707 452 1744 PH
485 1707 579 1753 vale,
599 1706 788 1756 Antipho.
849 1706 962 1753 bene,
982 1705 1034 1744 ita
1055 1718 1118 1744 me
1138 1706 1179 1745 di
1199 1711 1343 1752 ament,
1362 1705 1507 1743 factum
1524 1720 1531 1743 :

419 1771 583 1820 gaiideo.

734 1870 1003 1908 PHORMIO
1551 1868 1612 1905 vii

206 1954 375 1994 Tantam
398 1956 593 1994 fortunam
615 1956 665 1994 de
687 1955 888 2006 inprouiso
909 1968 993 1994 esse
1015 1955 1074 1993 his
1095 1955 1228 1994 datam
1247 1956 1255 1993 !

121 2027 186 2072 885
207 2032 360 2058 summa
381 2019 567 2058 eludendi
589 2019 781 2058 occasiost
802 2019 896 2057 mihi
918 2022 1024 2058 minc
1044 2032 1157 2058 senes

207 2092 244 2123 et
266 2084 481 2123 Phaedriae
502 2097 634 2122 curam
655 2083 829 2123 adimere
849 2083 1120 2134 argentariam,

209 2162 257 2188 ne
277 2150 492 2199 quoiquam
513 2162 673 2188 suorum
693 2148 917 2199 aequalium
940 2150 1104 2199 supplex
1125 2148 1208 2188 siet.

208 2227 298 2252 nam
320 2213 425 2252 idem
446 2214 522 2253 hoc
541 2221 756 2264 argentum,
781 2213 833 2252 ita
854 2216 895 2252 tit
915 2215 1100 2261 datumst,
1124 2212 1296 2264 ingratiis
1553 2235 1570 2267 5

251 2319 315 2356 872
348 2318 424 2348 hem
452 2328 517 2349 om.
549 2318 582 2348 A
717 2319 780 2357 875
805 2328 881 2348 men
908 2327 1034 2349 censen
1063 2317 1096 2346 A
1241 2319 1303 2355 877
1337 2316 1529 2349 Fleckeisen:

208 2365 309 2400 atque
327 2361 439 2392 hercle
455 2371 518 2400 ego
534 2371 668 2401 quoque
687 2361 777 2392 illam
794 2361 908 2392 audiui
928 2361 1094 2402 (inaudiui
1114 2360 1202 2391 illam
1219 2361 1268 2400 A)
1288 2359 1376 2391 codd.
