1773 2750
108 95 197 131 II.i
598 95 638 131 P.
671 94 923 131 TERENTI
955 95 1088 131 AFRI

185 202 362 242 meditari
400 216 535 242 secum
574 203 728 253 oportet
766 216 846 253 quo
884 210 1001 254 pacto
1034 204 1243 244 aduersam
1281 204 1508 244 aerumnam

396 269 543 307 ferant:
928 308 930 310 ,

183 330 353 384 [pericla‚
376 333 532 379 damna,
554 345 714 383 peregre
734 332 889 373 rediens
910 345 1064 383 semper
1084 347 1218 372 secum
1240 332 1400 387 cogitet]

179 404 246 435 aut
266 397 321 435 fssi
342 404 549 447 peccatum
568 399 636 436 adt
656 397 784 437 uxoris
805 398 972 437 mortem
991 406 1059 438 aut
1079 399 1262 438 morbum
1283 399 1386 438 filiae
1401 414 1412 447 3
1442 424 1444 426 -
1467 444 1469 446 ,

123 477 159 509 15
181 461 407 501 commtinia
445 476 530 501 esse
568 463 677 510 haec,
717 462 801 501 fieri
840 475 956 513 posse
994 470 1036 502 ut
1075 463 1124 503 ne
1163 463 1260 514 quid
1293 463 1428 503 animo
1461 465 1510 502 sit
1529 471 1594 508 245

394 540 543 566 nouom
560 541 569 574 ;

179 590 374 641 quidquid
387 599 538 642 praeter
551 605 662 642 spem
670 591 837 640 eueniat,
847 606 966 632 omne
979 593 1019 632 id
1033 592 1222 644 de'putare
1235 607 1321 633 esse
1334 595 1373 633 in
1387 596 1507 640 lucro.

183 657 274 695 GE.
304 669 342 694 >o
376 655 581 704 Phaedria,
617 656 917 711 incredibile[st]
958 665 1150 709 quantum
1189 672 1298 698 erum
1337 659 1427 698 ante
1461 669 1510 698 eo

395 720 596 771 sapientia.
973 764 991 766 ff
1134 766 1137 769 Α

179 784 367 824 meditata
387 785 483 824 mihi
504 793 595 825 sunt
616 787 749 825 omnia
769 800 857 825 mea
872 786 1138 835 incommoda,
1161 802 1248 827 erus
1270 788 1301 827 si
1317 788 1472 828 redierit
1489 804 1495 828 :

179 851 412 890 molendum
439 865 564 902 usque
593 851 633 889 in
660 851 836 902 pistrino,
858 852 1140 902 uapulandum,
1164 853 1371 893 habendae
1405 854 1509 893 com-

395 917 527 967 pedes,
848 964 851 965 ⁷

122 995 162 1018 20
181 994 280 1032 opus
300 980 377 1020 niri
402 980 643 1020 faciundum.
702 982 843 1021 horum
873 982 927 1021 nil
955 982 1168 1034 quicquam
1194 983 1348 1023 accidet
1375 983 1508 1023 animo
1528 997 1596 1034 250

394 1059 555 1085 nouom.

178 1110 373 1162 quidquid
403 1118 554 1161 praeter
582 1124 694 1163 spem
723 1110 890 1160 eueniet,
912 1126 1032 1152 omne
1061 1112 1102 1152 id
1131 1112 1333 1164 de'putabo
1359 1127 1444 1153 esse
1471 1116 1510 1153 in

393 1177 512 1216 lucro.

177 1240 247 1280 sed
286 1241 382 1291 quid
420 1254 549 1280 cessas
587 1241 792 1281 hominem
830 1241 938 1281 adire
976 1250 1014 1281 et
1053 1241 1198 1282 blande
1236 1243 1276 1282 in
1314 1244 1507 1295 principio

392 1305 584 1356 adloqui?

176 1372 275 1409 DE.
298 1370 543 1410 Phaedriam
564 1371 641 1410 mei
661 1371 785 1410 fratris
806 1371 926 1411 uideo
945 1371 1072 1411 fssium
1093 1372 1147 1411 mi
1168 1373 1222 1411 ire
1243 1373 1414 1412 obuiam.

177 1437 270 1474 ΡΗ
303 1434 356 1474 mi
376 1435 523 1485 patrue,
546 1437 664 1475 salue.
721 1438 821 1475 DE.
853 1437 985 1485 salue5
1014 1438 1084 1476 sed
1105 1437 1210 1476 ubist
1230 1428 1440 1488 Antipho?

119 1511 157 1544 25
177 1501 271 1539 ΡΗ
292 1500 456 1539 ,saluom
476 1500 611 1539 uenire
641 1531 648 1539 .
672 1531 679 1539 .
712 1531 720 1540 .
778 1503 877 1544 DE.
910 1501 1054 1550 credo,·
1083 1503 1160 1541 hoc
1181 1503 1376 1553 responde'
1397 1503 1503 1542 mihi.
1526 1516 1591 1553 255

176 1566 271 1603 ΡΗ
303 1566 418 1612 ualet,
440 1566 505 1604 hie
525 1572 583 1604 est
597 1580 608 1613 ;
637 1567 707 1605 sed
728 1566 827 1605 satin
849 1566 982 1605 omnia
1002 1580 1049 1606 ex
1070 1567 1292 1607 sente'ntia?

176 1631 276 1669 DE.
307 1629 451 1669 uellem
471 1630 657 1681 quidem.¹
702 1633 796 1671 ΡΗ
828 1632 925 1683 quid
944 1632 1046 1672 istac
1071 1635 1162 1673 est?
1216 1635 1316 1673 DE.
1352 1634 1506 1685 rogitas,

392 1695 616 1735 Phaedria?

177 1759 303 1800 bonas
323 1773 387 1803 me
406 1761 570 1803 absente
590 1760 654 1800 hic
675 1762 901 1809 confecistis
919 1762 1086 1814 ntiptias.

176 1826 270 1865 ΡΗ
315 1826 403 1873 eho,
443 1839 494 1864 an
535 1826 577 1865 id
615 1839 821 1867 suscenses
869 1829 975 1868 minc
1013 1827 1097 1868 ini?
1175 1829 1266 1870 GE.
1318 1828 1506 1869 artificem

384 1891 585 1944 probum!

220 2005 283 2035 243
298 1995 343 2026 sic
354 1994 458 2026 Cicero
481 1995 572 2028 Tusc.
591 1997 633 2028 iii.
653 2007 701 2035 14.
715 2007 757 2036 30
774 2008 781 2028 ε
815 1997 940 2037 pericla
957 1998 1078 2028 damna
1095 1997 1197 2028 exiiia
1209 2007 1353 2037 peregre
1366 1998 1504 2029 rediens

175 2049 312 2079 semper
321 2039 446 2079 cogitet
457 2039 489 2069 A
506 2051 512 2070 ε
531 2039 659 2080 pericla
670 2041 771 2072 exilia
785 2041 907 2072 damna
918 2051 1062 2081 peregre
1076 2040 1214 2072 rediens
1227 2051 1363 2080 semper
1375 2041 1505 2081 cogites

175 2082 209 2113 Β
232 2093 253 2113 a
276 2093 342 2123 quo
367 2084 458 2114 ceteri
475 2083 532 2113 uix
555 2083 744 2115 discedunt:
771 2086 863 2115 uncis
886 2085 1015 2116 inclusit
1037 2083 1219 2116 Dez'atzko:
1250 2084 1376 2124 pericla
1400 2085 1506 2116 exitia

176 2127 318 2159 damna:
344 2136 486 2167 peregre
504 2126 640 2158 rediens
656 2137 791 2167 semper
808 2128 936 2167 cogites
952 2127 1125 2159 Fleckeisen
1220 2137 1282 2167 245
1298 2129 1344 2159 sic
1364 2127 1452 2160 codd.
1478 2132 1506 2159 et

176 2168 354 2201 Donatus:
392 2180 512 2202 comm.
529 2180 606 2202 esse
622 2171 718 2210 haec,
736 2181 778 2202 ne
801 2171 883 2210 quid
909 2172 1030 2202 horum
1057 2181 1214 2211 umquam
1238 2172 1369 2203 accidat
1391 2172 1504 2203 animo

177 2223 299 2244 nouom
323 2224 399 2245 cum
424 2213 567 2245 Cicerone
588 2213 721 2254 Bentley
743 2214 862 2254 aliique
995 2215 1058 2253 246
1082 2215 1219 2246 eueniat
1239 2219 1287 2246 Σ;
1311 2215 1448 2246 eueniet
1467 2214 1501 2245 Α

176 2267 238 2296 247
279 2262 331 2289 est
361 2257 495 2289 sustulit
524 2257 657 2298 Bentley
789 2268 852 2298 249
892 2258 1087 2290 molendum
1119 2269 1225 2298 usque
1260 2258 1481 2299 Umpfi’nbach
1497 2269 1502 2288 :

176 2301 368 2332 molendum
387 2301 468 2332 mihi
485 2306 537 2333 est
554 2311 660 2342 usque
675 2301 756 2332 EP:
782 2302 856 2334 mol.
878 2302 959 2333 mihi
971 2312 1046 2334 esse
1059 2312 1164 2342 usque
1174 2301 1286 2334 BCF:
1310 2302 1504 2333 molendum

176 2354 255 2375 esse
271 2344 392 2375 AD1G
512 2353 573 2384 2⁷51
600 2344 738 2377 eueniet
749 2349 880 2387 praeter
891 2345 938 2376 Εα
952 2345 1040 2378 codd.
1060 2355 1173 2377 omnes
1304 2356 1368 2387 259
1389 2346 1435 2378 sic
1447 2345 1480 2377 A
1499 2356 1506 2376 ε

178 2399 197 2418 o
214 2386 375 2419 artificem
392 2389 426 2428 Σ,
435 2385 516 2429 sort.
537 2390 611 2419 recte
1490 2406 1506 2410 *-
