1773 2750
739 118 1042 156 EVNVCHVS
1480 119 1547 154 IV.
1570 117 1630 153 vii

233 234 361 270 THR.
394 231 524 278 Thais,
548 230 716 281 primum
750 231 826 268 hoc
860 228 957 267 mihi
990 229 1184 277 responde
1202 243 1208 265 ;
1247 228 1368 276 qudm
1398 227 1467 265 tibi
1497 229 1549 266 do

439 295 552 334 istam
572 294 773 344 uirginem,

225 361 349 399 dixtin
369 362 442 399 hos
462 359 545 399 dies
567 358 662 397 mihi
684 358 756 396 soli
776 357 869 396 dzire
889 359 957 395 te?
1019 359 1106 395 ΤΗ
1139 356 1234 406 quid
1255 364 1338 394 tum
1360 357 1523 405 pdstea?

233 427 361 464 THR.
385 424 555 475 r6gitas?
574 436 675 474 quae
690 422 744 460 mi
759 430 850 461 ante
864 423 999 461 dculos
1012 435 1144 460 coram
1160 421 1374 459 amzitorem
1388 422 1550 458 adduxti

439 496 547 525 tuom

137 554 201 590 795
229 555 317 591 TH.
349 553 445 603 quid
464 566 554 591 cum
579 552 668 591 illoc
688 552 808 602 agris?
870 554 998 590 THR.
1031 559 1069 590 et
1090 564 1180 589 cum
1207 563 1254 589 eo
1276 549 1312 588 te
1335 551 1435 588 clam
1463 550 1550 587 sub·
1572 562 1609 593 25

435 618 546 656 duxti
565 617 690 656 mihi?

228 685 315 721 TH.
347 682 483 721 hibuit.
560 684 600 720 T
593 684 688 720 HR.
722 681 969 732 Pamphilam
1004 681 1094 731 ergo
1126 682 1203 719 huc
1237 681 1368 727 redde,
1405 679 1478 718 nisi
1510 679 1549 717 ui

436 747 559 786 mauis
580 747 685 797 e'ripi.

222 813 312 851 CH.
345 812 414 851 tibi
453 812 558 851 illam
597 813 735 851 reddat
769 815 835 850 aut
869 819 910 850 tu
945 825 1031 850 eam
1067 819 1212 861 tangas,
1247 808 1424 849 &mnium
1447 840 1453 846 .
1478 839 1484 846 .
1509 811 1548 847 .?

439 879 532 917 GN.
563 879 623 924 ah,
647 877 743 928 quid
763 878 873 928 agis?
903 885 998 915 tace.

226 944 354 981 THR.
379 944 474 993 quid
488 950 529 981 tu
546 942 616 981 tibi
632 942 720 980 uis?
749 941 822 992 e'go
842 955 923 980 non
940 949 1095 991 tangam
1114 941 1272 980 messim?
1326 941 1415 979 CH
1440 947 1546 978 tuam

434 1015 576 1055 autem,
600 1006 782 1045 furcifer?

223 1073 317 1110 GN.
339 1072 436 1111 ceiue
457 1072 531 1111 sis:
562 1071 688 1110 nescis
709 1073 804 1122 quoi
824 1073 926 1110 male
946 1071 1054 1110 dicas
1075 1073 1180 1109 minc
1201 1070 1295 1109 uiro.
1352 1071 1442 1109 CH.
1466 1083 1546 1108 non

434 1144 475 1175 tu
495 1137 587 1175 hine
607 1136 722 1174 abis?

132 1205 200 1240 800
217 1202 301 1239 scin
322 1208 363 1239 tu
383 1208 426 1240 ut
446 1200 516 1239 tibi
543 1215 602 1240 res
622 1215 664 1240 se
685 1200 857 1240 hzibeat?
886 1201 917 1239 si
937 1200 1151 1250 quicquam
1178 1199 1298 1239 h6die
1318 1199 1382 1238 hic
1409 1200 1545 1239 turbae
1566 1209 1608 1240 30

433 1265 619 1317 coeperis,

217 1330 357 1368 fziciam
378 1337 420 1368 ut
440 1331 555 1369 huius
577 1332 654 1369 loci
673 1330 832 1380 dieique
853 1331 1009 1380 meique
1030 1343 1183 1380 semper
1205 1328 1438 1367 memineris.

222 1396 316 1434 GN.
348 1395 504 1434 miseret
520 1395 575 1433 tui
596 1408 660 1434 me
680 1394 748 1446 qui
768 1396 874 1433 hunc
895 1401 1048 1433 tantum
1064 1393 1267 1433 hominem
1289 1394 1406 1432 facias
1423 1393 1546 1432 inimi-

431 1462 522 1498 cum
543 1459 624 1499 tibi.

218 1525 309 1563 CJJ.
340 1524 559 1563 diminuam
588 1538 661 1575 ego
691 1524 763 1564 tibi
791 1532 909 1576 caput
937 1524 1068 1573 hodie,
1095 1524 1169 1563 nisi
1197 1523 1292 1562 abis.
1356 1525 1448 1563 GN.
1481 1524 1544 1562 ain

431 1590 535 1638 uer6,
559 1589 696 1628 canis?

216 1654 336 1694 sicine
355 1654 466 1705 agis?
528 1657 657 1694 THR.
689 1654 777 1706 quis
805 1657 846 1694 tu
873 1656 995 1694 homo
1016 1657 1087 1693 es?
1116 1654 1213 1704 quid
1240 1653 1299 1692 uis
1321 1653 1420 1692 tibi?
1449 1654 1544 1704 quid

428 1734 519 1759 cum
539 1720 605 1759 illa
624 1722 679 1759 rei
699 1720 836 1759 tibist?

127 1789 191 1834 805
216 1785 306 1823 CH.
333 1784 473 1823 scibis:
503 1784 696 1835 principio
718 1784 803 1823 eam
826 1798 910 1824 esse
931 1785 1021 1824 dico
1042 1785 1215 1823 liberam.
1282 1786 1411 1823 THR.
1438 1785 1541 1823 hem.
1563 1798 1603 1830 35

429 1850 519 1887 CH.
552 1848 680 1888 ciuem
702 1839 885 1887 Atticam.
952 1850 1080 1887 THR.
1114 1848 1192 1887 hui.

214 1914 303 1952 CH.
334 1914 462 1952 meam
483 1927 666 1953 sororem.
733 1916 862 1952 THR.
892 1927 936 1952 os
957 1915 1109 1952 durum.
1171 1915 1261 1952 CH.
1291 1913 1413 1960 miles,
1436 1916 1542 1952 minc

424 1979 526 2017 adeo
547 1979 661 2018 edices
682 1979 753 2017 tibi

210 2041 260 2080 ne
280 2041 361 2081 uim
381 2042 499 2082 facias
520 2045 639 2082 ullam
661 2043 700 2082 in
721 2043 838 2083 illam.
887 2044 1020 2090 Thais,
1043 2056 1115 2093 ego
1136 2057 1184 2082 eo
1204 2044 1254 2081 ad
1275 2043 1523 2093 Sdphronam

209 2106 411 2154 nutricem,
436 2115 478 2146 ut
498 2122 586 2147 eam
602 2109 800 2148 adducam
821 2116 860 2148 et
881 2108 990 2160 signa
1010 2108 1217 2147 ostendam
1238 2109 1346 2146 haec.
1407 2109 1537 2146 THR.

424 2180 494 2212 tun
516 2187 579 2212 me
599 2174 809 2224 pr6hibeas

210 2236 338 2276 mezim
367 2251 416 2277 ne
444 2241 630 2289 tangam?
689 2240 779 2279 CH.
812 2239 1032 2290 prdhibebo
1056 2238 1228 2289 inquam.
1292 2239 1384 2277 GN.
1416 2238 1538 2277 audin

423 2305 494 2342 tu?
523 2304 586 2343 hic
607 2304 696 2343 furti
717 2318 758 2343 se
779 2304 923 2356 adligat
940 2320 947 2344 :

253 2399 314 2429 793
339 2390 401 2421 hos
418 2390 498 2421 mihi
516 2391 590 2421 dies
606 2391 639 2421 A
787 2401 848 2431 795
873 2392 945 2430 agis
961 2390 1110 2421 D¹G¹F²
1127 2402 1133 2421 :
1159 2390 1244 2421 unde
1265 2389 1437 2420 fleckeisen
1455 2390 1536 2429 quin

208 2442 286 2463 cum
306 2432 362 2464 illo
380 2443 468 2464 nunc
484 2434 556 2473 agis
574 2435 584 2466 2
717 2435 780 2474 804
805 2435 855 2465 uis
874 2435 933 2465 tibi
950 2434 1124 2466 Fleckeisen
1141 2445 1147 2465 ε
1173 2434 1230 2464 tibi
1249 2433 1300 2464 uis
1316 2433 1403 2465 codd.
