<?xml version="1.0" encoding="UTF-8"?>
<!DOCTYPE html PUBLIC "-//W3C//DTD XHTML 1.0 Transitional//EN"
    "http://www.w3.org/TR/xhtml1/DTD/xhtml1-transitional.dtd">
<html xmlns="http://www.w3.org/1999/xhtml" xml:lang="en" lang="en">
 <head>
  <title>
</title>
<meta http-equiv="Content-Type" content="text/html;charset=utf-8" />
  <meta name='ocr-system' content='tesseract 3.04.00' />
  <meta name='ocr-capabilities' content='ocr_page ocr_carea ocr_par ocr_line ocrx_word'/>
</head>
<body>
  <div class='ocr_page' id='page_1' title='image "./comoediaerecogno00tereuoft_0012.png"; bbox 0 0 1773 2750; ppageno 0'>
   <div class='ocr_carea' id='block_1_1' title="bbox 762 90 1084 128">
    <p class='ocr_par' dir='ltr' id='par_1_1' title="bbox 762 90 1084 128">
     <span class='ocr_line' id='line_1_1' title="bbox 762 90 1084 128; baseline 0.003 -1"><span class='ocrx_word' id='word_1_1' title='bbox 762 90 1084 128; x_wconf 83' lang='lat' dir='ltr'><strong>PRAEFATIO</strong></span> 
     </span>
    </p>
   </div>
   <div class='ocr_carea' id='block_1_2' title="bbox 259 192 1582 309">
    <p class='ocr_par' dir='ltr' id='par_1_2' title="bbox 259 192 1582 309">
     <span class='ocr_line' id='line_1_2' title="bbox 260 192 1582 244; baseline -0.002 -13"><span class='ocrx_word' id='word_1_2' title='bbox 260 200 296 230; x_wconf 84' lang='lat' dir='ltr'>et</span> <span class='ocrx_word' id='word_1_3' title='bbox 331 193 546 232; x_wconf 74' lang='lat' dir='ltr'>editoribus</span> <span class='ocrx_word' id='word_1_4' title='bbox 585 201 673 244; x_wconf 81' lang='lat' dir='ltr'>post</span> <span class='ocrx_word' id='word_1_5' title='bbox 712 207 800 232; x_wconf 89' lang='lat' dir='ltr'>eum</span> <span class='ocrx_word' id='word_1_6' title='bbox 841 194 1035 244; x_wconf 82' lang='lat' dir='ltr'>plerisque</span> <span class='ocrx_word' id='word_1_7' title='bbox 1073 207 1158 233; x_wconf 83' lang='lat' dir='ltr'>esse</span> <span class='ocrx_word' id='word_1_8' title='bbox 1196 193 1380 233; x_wconf 86' lang='lat' dir='ltr'>uidentur</span> <span class='ocrx_word' id='word_1_9' title='bbox 1417 192 1582 243; x_wconf 82' lang='lat' dir='ltr'>priorem</span> 
     </span>
     <span class='ocr_line' id='line_1_3' title="bbox 259 258 1434 309; baseline 0.002 -14"><span class='ocrx_word' id='word_1_10' title='bbox 259 259 389 296; x_wconf 90' lang='lat' dir='ltr'>locum</span> <span class='ocrx_word' id='word_1_11' title='bbox 410 260 581 298; x_wconf 85' lang='lat' dir='ltr'>habeant</span> <span class='ocrx_word' id='word_1_12' title='bbox 602 258 859 307; x_wconf 62' lang='lat' dir='ltr'>inferioribm,</span> <span class='ocrx_word' id='word_1_13' title='bbox 881 259 1135 309; x_wconf 75' lang='lat' dir='ltr'>posteriorem</span> <span class='ocrx_word' id='word_1_14' title='bbox 1158 259 1356 298; x_wconf 82' lang='lat' dir='ltr'>inferiores</span> <span class='ocrx_word' id='word_1_15' title='bbox 1373 274 1434 297; x_wconf 90' lang='lat'>:—</span> 
     </span>
    </p>
   </div>
   <div class='ocr_carea' id='block_1_3' title="bbox 253 343 1591 1164">
    <p class='ocr_par' dir='ltr' id='par_1_3' title="bbox 256 343 1584 573">
     <span class='ocr_line' id='line_1_4' title="bbox 900 343 930 379; baseline -0.033 0"><span class='ocrx_word' id='word_1_16' title='bbox 900 343 930 379; x_wconf 95' lang='grc' dir='ltr'>Ι.</span> 
     </span>
     <span class='ocr_line' id='line_1_5' title="bbox 473 402 1584 452; baseline -0.004 -8"><span class='ocrx_word' id='word_1_17' title='bbox 473 406 608 444; x_wconf 79' lang='lat' dir='ltr'>Codex</span> <span class='ocrx_word' id='word_1_18' title='bbox 934 407 1040 444; x_wconf 86' lang='lat' dir='ltr'>Sacc.</span> <span class='ocrx_word' id='word_1_19' title='bbox 1210 407 1339 444; x_wconf 85' lang='lat' dir='ltr'>Locus</span> <span class='ocrx_word' id='word_1_20' title='bbox 1481 402 1584 452; x_wconf 72' lang='lat' dir='ltr'>sigla</span> 
     </span>
     <span class='ocr_line' id='line_1_6' title="bbox 256 469 1582 508; baseline -0.002 -1"><span class='ocrx_word' id='word_1_21' title='bbox 256 469 474 508; x_wconf 71' lang='lat' dir='ltr'>Bembinus</span> <span class='ocrx_word' id='word_1_22' title='bbox 971 470 1018 508; x_wconf 75' lang='lat' dir='ltr'>iv.</span> <span class='ocrx_word' id='word_1_23' title='bbox 1041 484 1063 507; x_wconf 80' lang='lat' dir='ltr'>v</span> <span class='ocrx_word' id='word_1_24' title='bbox 1171 470 1271 508; x_wconf 89' lang='lat' dir='ltr'>Bibl.</span> <span class='ocrx_word' id='word_1_25' title='bbox 1293 469 1485 507; x_wconf 73' lang='lat' dir='ltr'>Vaticana</span> <span class='ocrx_word' id='word_1_26' title='bbox 1544 469 1582 505; x_wconf 82' lang='lat' dir='ltr'><em>A</em></span> 
     </span>
     <span class='ocr_line' id='line_1_7' title="bbox 871 536 923 573; baseline -0.019 0"><span class='ocrx_word' id='word_1_27' title='bbox 871 536 923 573; x_wconf 93' lang='grc' dir='ltr'>ΙΙ.</span> 
     </span>
    </p>

    <p class='ocr_par' dir='ltr' id='par_1_4' title="bbox 254 597 1584 767">
     <span class='ocr_line' id='line_1_8' title="bbox 255 597 1583 638; baseline 0 -3"><span class='ocrx_word' id='word_1_28' title='bbox 255 597 502 636; x_wconf 68' lang='lat' dir='ltr'>Victorianus</span> <span class='ocrx_word' id='word_1_29' title='bbox 967 600 1014 637; x_wconf 75' lang='lat' dir='ltr'>ix.</span> <span class='ocrx_word' id='word_1_30' title='bbox 1038 615 1058 637; x_wconf 81' lang='lat' dir='ltr'>x</span> <span class='ocrx_word' id='word_1_31' title='bbox 1166 600 1267 638; x_wconf 83' lang='lat' dir='ltr'>Bibl.</span> <span class='ocrx_word' id='word_1_32' title='bbox 1289 599 1481 637; x_wconf 81' lang='lat' dir='ltr'>Vaticana</span> <span class='ocrx_word' id='word_1_33' title='bbox 1538 599 1583 635; x_wconf 87' lang='lat' dir='ltr'><em>D</em></span> 
     </span>
     <span class='ocr_line' id='line_1_9' title="bbox 254 663 1584 703; baseline 0.002 -4"><span class='ocrx_word' id='word_1_34' title='bbox 254 664 490 701; x_wconf 74' lang='lat' dir='ltr'>Decurtatus</span> <span class='ocrx_word' id='word_1_35' title='bbox 966 665 1013 702; x_wconf 76' lang='lat' dir='ltr'>xi.</span> <span class='ocrx_word' id='word_1_36' title='bbox 1036 665 1086 702; x_wconf 79' lang='lat' dir='ltr'>xii</span> <span class='ocrx_word' id='word_1_37' title='bbox 1170 664 1271 703; x_wconf 86' lang='lat' dir='ltr'>Bibl.</span> <span class='ocrx_word' id='word_1_38' title='bbox 1294 663 1486 702; x_wconf 78' lang='lat' dir='ltr'>Vaticana</span> <span class='ocrx_word' id='word_1_39' title='bbox 1547 664 1584 701; x_wconf 83' lang='lat' dir='ltr'><em>G</em></span> 
     </span>
     <span class='ocr_line' id='line_1_10' title="bbox 880 730 960 767; baseline 0 0"><span class='ocrx_word' id='word_1_40' title='bbox 880 730 960 767; x_wconf 92' lang='grc' dir='ltr'><strong>ΙΙΙ.</strong></span> 
     </span>
    </p>

    <p class='ocr_par' dir='ltr' id='par_1_5' title="bbox 253 790 1591 1164">
     <span class='ocr_line' id='line_1_11' title="bbox 259 790 1589 832; baseline 0.001 -3"><span class='ocrx_word' id='word_1_41' title='bbox 259 791 452 830; x_wconf 71' lang='lat' dir='ltr'>Parisinus</span> <span class='ocrx_word' id='word_1_42' title='bbox 967 794 1014 831; x_wconf 77' lang='lat' dir='ltr'>ix.</span> <span class='ocrx_word' id='word_1_43' title='bbox 1037 808 1059 831; x_wconf 82' lang='lat' dir='ltr'>x</span> <span class='ocrx_word' id='word_1_44' title='bbox 1142 790 1144 793; x_wconf 50' lang='grc'>’</span> <span class='ocrx_word' id='word_1_45' title='bbox 1170 793 1325 832; x_wconf 80' lang='lat' dir='ltr'>Lutetia</span> <span class='ocrx_word' id='word_1_46' title='bbox 1547 792 1589 830; x_wconf 83' lang='lat' dir='ltr'><em>P</em></span> 
     </span>
     <span class='ocr_line' id='line_1_12' title="bbox 255 856 1586 897; baseline 0.002 -4"><span class='ocrx_word' id='word_1_47' title='bbox 255 856 469 894; x_wconf 64' lang='lat' dir='ltr'>Vaticanus</span> <span class='ocrx_word' id='word_1_48' title='bbox 969 858 1015 897; x_wconf 83' lang='lat' dir='ltr'>ix.</span> <span class='ocrx_word' id='word_1_49' title='bbox 1039 873 1061 896; x_wconf 80' lang='lat' dir='ltr'>x</span> <span class='ocrx_word' id='word_1_50' title='bbox 1172 858 1272 897; x_wconf 86' lang='lat' dir='ltr'>Bibl.</span> <span class='ocrx_word' id='word_1_51' title='bbox 1295 857 1487 896; x_wconf 85' lang='lat' dir='ltr'>Vaticana</span> <span class='ocrx_word' id='word_1_52' title='bbox 1551 858 1586 895; x_wconf 80' lang='lat' dir='ltr'><em>C</em></span> 
     </span>
     <span class='ocr_line' id='line_1_13' title="bbox 254 920 1584 961; baseline 0.001 -3"><span class='ocrx_word' id='word_1_53' title='bbox 254 920 497 959; x_wconf 81' lang='lat' dir='ltr'>Basilicanus</span> <span class='ocrx_word' id='word_1_54' title='bbox 999 938 1020 960; x_wconf 85' lang='lat' dir='ltr'>x</span> <span class='ocrx_word' id='word_1_55' title='bbox 1169 923 1268 961; x_wconf 88' lang='lat' dir='ltr'>Bibl.</span> <span class='ocrx_word' id='word_1_56' title='bbox 1292 922 1484 960; x_wconf 80' lang='lat' dir='ltr'>Vaticana</span> <span class='ocrx_word' id='word_1_57' title='bbox 1544 923 1584 958; x_wconf 81' lang='lat' dir='ltr'><em>B</em></span> 
     </span>
     <span class='ocr_line' id='line_1_14' title="bbox 254 985 1591 1026; baseline 0.001 -4"><span class='ocrx_word' id='word_1_58' title='bbox 254 985 540 1023; x_wconf 79' lang='lat' dir='ltr'>Ambrosianus</span> <span class='ocrx_word' id='word_1_59' title='bbox 990 1002 1012 1025; x_wconf 75' lang='lat' dir='ltr'>x</span> <span class='ocrx_word' id='word_1_60' title='bbox 1163 987 1439 1026; x_wconf 84' lang='lat' dir='ltr'>Mediolanum</span> <span class='ocrx_word' id='word_1_61' title='bbox 1551 988 1591 1023; x_wconf 70' lang='lat' dir='ltr'>p</span> 
     </span>
     <span class='ocr_line' id='line_1_15' title="bbox 253 1049 1583 1090; baseline 0.001 -3"><span class='ocrx_word' id='word_1_62' title='bbox 253 1049 537 1088; x_wconf 81' lang='lat' dir='ltr'>Riccardianus</span> <span class='ocrx_word' id='word_1_63' title='bbox 981 1053 1016 1089; x_wconf 72' lang='lat' dir='ltr'>xi</span> <span class='ocrx_word' id='word_1_64' title='bbox 1170 1052 1368 1090; x_wconf 76' lang='lat' dir='ltr'>Florentia</span> <span class='ocrx_word' id='word_1_65' title='bbox 1541 1053 1583 1088; x_wconf 90' lang='lat' dir='ltr'><em>E</em></span> 
     </span>
     <span class='ocr_line' id='line_1_16' title="bbox 255 1115 1590 1164; baseline 0.001 -13"><span class='ocrx_word' id='word_1_66' title='bbox 255 1116 533 1164; x_wconf 64' lang='lat' dir='ltr'>fragmentum</span> <span class='ocrx_word' id='word_1_67' title='bbox 555 1115 870 1154; x_wconf 71' lang='lat' dir='ltr'>Vindobonense</span> <span class='ocrx_word' id='word_1_68' title='bbox 963 1131 996 1154; x_wconf 78' lang='lat' dir='ltr'>x.</span> <span class='ocrx_word' id='word_1_69' title='bbox 1020 1117 1055 1154; x_wconf 70' lang='lat' dir='ltr'>xi</span> <span class='ocrx_word' id='word_1_70' title='bbox 1166 1117 1409 1155; x_wconf 84' lang='lat' dir='ltr'>Vindobona</span> <span class='ocrx_word' id='word_1_71' title='bbox 1554 1118 1590 1153; x_wconf 71' lang='lat' dir='ltr'><em>V</em></span> 
     </span>
    </p>
   </div>
   <div class='ocr_carea' id='block_1_4' title="bbox 251 1179 1583 2204">
    <p class='ocr_par' dir='ltr' id='par_1_6' title="bbox 252 1179 1583 1424">
     <span class='ocr_line' id='line_1_17' title="bbox 253 1179 1580 1230; baseline 0.002 -14"><span class='ocrx_word' id='word_1_72' title='bbox 253 1179 469 1217; x_wconf 68' lang='lat' dir='ltr'>Vaticanus</span> <span class='ocrx_word' id='word_1_73' title='bbox 499 1193 544 1217; x_wconf 76' lang='lat' dir='ltr'>ex</span> <span class='ocrx_word' id='word_1_74' title='bbox 575 1181 718 1218; x_wconf 89' lang='lat' dir='ltr'>eodem</span> <span class='ocrx_word' id='word_1_75' title='bbox 750 1194 829 1230; x_wconf 83' lang='lat' dir='ltr'>quo</span> <span class='ocrx_word' id='word_1_76' title='bbox 861 1180 1059 1219; x_wconf 78' lang='lat' dir='ltr'>Parisinus</span> <span class='ocrx_word' id='word_1_77' title='bbox 1090 1182 1197 1220; x_wconf 80' lang='lat' dir='ltr'>sonte</span> <span class='ocrx_word' id='word_1_78' title='bbox 1227 1181 1384 1219; x_wconf 81' lang='lat' dir='ltr'>fluxisse</span> <span class='ocrx_word' id='word_1_79' title='bbox 1413 1182 1580 1226; x_wconf 81' lang='lat' dir='ltr'>uidetur,</span> 
     </span>
     <span class='ocr_line' id='line_1_18' title="bbox 255 1244 1581 1295; baseline 0.002 -14"><span class='ocrx_word' id='word_1_80' title='bbox 255 1244 497 1282; x_wconf 79' lang='lat' dir='ltr'>Basilicanus</span> <span class='ocrx_word' id='word_1_81' title='bbox 537 1244 772 1283; x_wconf 64' lang='lat' dir='ltr'>Vaticanum</span> <span class='ocrx_word' id='word_1_82' title='bbox 817 1247 868 1283; x_wconf 85' lang='lat' dir='ltr'>ad</span> <span class='ocrx_word' id='word_1_83' title='bbox 915 1246 1078 1284; x_wconf 86' lang='lat' dir='ltr'>uerbum</span> <span class='ocrx_word' id='word_1_84' title='bbox 1126 1245 1424 1295; x_wconf 74' lang='lat' dir='ltr'>transcripsisse,</span> <span class='ocrx_word' id='word_1_85' title='bbox 1473 1253 1581 1294; x_wconf 84' lang='lat' dir='ltr'>parte</span> 
     </span>
     <span class='ocr_line' id='line_1_19' title="bbox 252 1309 1583 1360; baseline 0.002 -14"><span class='ocrx_word' id='word_1_86' title='bbox 252 1309 383 1358; x_wconf 77' lang='lat' dir='ltr'>aliqua</span> <span class='ocrx_word' id='word_1_87' title='bbox 416 1323 461 1347; x_wconf 86' lang='lat' dir='ltr'>ex</span> <span class='ocrx_word' id='word_1_88' title='bbox 491 1310 720 1349; x_wconf 69' lang='lat' dir='ltr'>Victoriano</span> <span class='ocrx_word' id='word_1_89' title='bbox 754 1311 972 1360; x_wconf 84' lang='lat' dir='ltr'>desumpta.</span> <span class='ocrx_word' id='word_1_90' title='bbox 1034 1310 1320 1349; x_wconf 77' lang='lat' dir='ltr'>Ambrosianus</span> <span class='ocrx_word' id='word_1_91' title='bbox 1355 1318 1393 1348; x_wconf 90' lang='lat' dir='ltr'>et</span> <span class='ocrx_word' id='word_1_92' title='bbox 1427 1310 1583 1348; x_wconf 88' lang='lat' dir='ltr'>Riccar-</span> 
     </span>
     <span class='ocr_line' id='line_1_20' title="bbox 254 1372 989 1424; baseline 0.004 -14"><span class='ocrx_word' id='word_1_93' title='bbox 254 1372 394 1411; x_wconf 85' lang='lat' dir='ltr'>dianus</span> <span class='ocrx_word' id='word_1_94' title='bbox 414 1375 568 1424; x_wconf 79' lang='lat' dir='ltr'>longius</span> <span class='ocrx_word' id='word_1_95' title='bbox 588 1388 611 1412; x_wconf 88' lang='lat' dir='ltr'>a</span> <span class='ocrx_word' id='word_1_96' title='bbox 631 1375 808 1413; x_wconf 90' lang='lat' dir='ltr'>Parisino</span> <span class='ocrx_word' id='word_1_97' title='bbox 832 1375 989 1413; x_wconf 86' lang='lat' dir='ltr'>distant.</span> 
     </span>
    </p>

    <p class='ocr_par' dir='ltr' id='par_1_7' title="bbox 251 1439 1582 2204">
     <span class='ocr_line' id='line_1_21' title="bbox 309 1439 1582 1490; baseline 0.001 -13"><span class='ocrx_word' id='word_1_98' title='bbox 309 1439 412 1477; x_wconf 88' lang='lat' dir='ltr'>Cum</span> <span class='ocrx_word' id='word_1_99' title='bbox 441 1447 573 1477; x_wconf 83' lang='lat' dir='ltr'>autem</span> <span class='ocrx_word' id='word_1_100' title='bbox 603 1447 768 1487; x_wconf 86' lang='lat' dir='ltr'>constet,</span> <span class='ocrx_word' id='word_1_101' title='bbox 800 1447 842 1478; x_wconf 86' lang='lat' dir='ltr'>ut</span> <span class='ocrx_word' id='word_1_102' title='bbox 871 1440 961 1487; x_wconf 83' lang='lat' dir='ltr'>dixi,</span> <span class='ocrx_word' id='word_1_103' title='bbox 995 1441 1232 1478; x_wconf 80' lang='lat' dir='ltr'>Bembinuin</span> <span class='ocrx_word' id='word_1_104' title='bbox 1263 1440 1448 1478; x_wconf 87' lang='lat' dir='ltr'>omnibus</span> <span class='ocrx_word' id='word_1_105' title='bbox 1478 1453 1582 1490; x_wconf 86' lang='lat' dir='ltr'>prae-</span> 
     </span>
     <span class='ocr_line' id='line_1_22' title="bbox 253 1504 1582 1555; baseline 0.002 -15"><span class='ocrx_word' id='word_1_106' title='bbox 253 1510 363 1550; x_wconf 83' lang='lat' dir='ltr'>stare,</span> <span class='ocrx_word' id='word_1_107' title='bbox 386 1511 536 1543; x_wconf 87' lang='lat' dir='ltr'>ceteros</span> <span class='ocrx_word' id='word_1_108' title='bbox 557 1506 689 1542; x_wconf 82' lang='lat' dir='ltr'>locum</span> <span class='ocrx_word' id='word_1_109' title='bbox 716 1504 937 1543; x_wconf 89' lang='lat' dir='ltr'>inferiorem</span> <span class='ocrx_word' id='word_1_110' title='bbox 965 1506 1121 1552; x_wconf 88' lang='lat' dir='ltr'>habere,</span> <span class='ocrx_word' id='word_1_111' title='bbox 1145 1519 1225 1543; x_wconf 92' lang='lat' dir='ltr'>non</span> <span class='ocrx_word' id='word_1_112' title='bbox 1246 1513 1324 1543; x_wconf 84' lang='lat' dir='ltr'>tam</span> <span class='ocrx_word' id='word_1_113' title='bbox 1346 1507 1461 1555; x_wconf 82' lang='lat' dir='ltr'>plene</span> <span class='ocrx_word' id='word_1_114' title='bbox 1482 1505 1582 1543; x_wconf 87' lang='lat' dir='ltr'>inter</span> 
     </span>
     <span class='ocr_line' id='line_1_23' title="bbox 253 1568 1582 1619; baseline 0.002 -14"><span class='ocrx_word' id='word_1_115' title='bbox 253 1568 393 1605; x_wconf 87' lang='lat' dir='ltr'>doctos</span> <span class='ocrx_word' id='word_1_116' title='bbox 423 1569 610 1607; x_wconf 84' lang='lat' dir='ltr'>conuenit</span> <span class='ocrx_word' id='word_1_117' title='bbox 640 1583 719 1619; x_wconf 85' lang='lat' dir='ltr'>quo</span> <span class='ocrx_word' id='word_1_118' title='bbox 748 1570 1049 1608; x_wconf 84' lang='lat' dir='ltr'>necessitudinis</span> <span class='ocrx_word' id='word_1_119' title='bbox 1076 1569 1236 1608; x_wconf 79' lang='lat' dir='ltr'>uinculo</span> <span class='ocrx_word' id='word_1_120' title='bbox 1263 1570 1420 1609; x_wconf 87' lang='lat' dir='ltr'>codices</span> <span class='ocrx_word' id='word_1_121' title='bbox 1442 1570 1582 1609; x_wconf 86' lang='lat' dir='ltr'>Callio-</span> 
     </span>
     <span class='ocr_line' id='line_1_24' title="bbox 253 1632 1581 1685; baseline 0.003 -16"><span class='ocrx_word' id='word_1_122' title='bbox 253 1632 359 1681; x_wconf 84' lang='lat' dir='ltr'>piani</span> <span class='ocrx_word' id='word_1_123' title='bbox 397 1632 497 1671; x_wconf 89' lang='lat' dir='ltr'>inter</span> <span class='ocrx_word' id='word_1_124' title='bbox 536 1647 577 1671; x_wconf 87' lang='lat' dir='ltr'>se</span> <span class='ocrx_word' id='word_1_125' title='bbox 611 1634 813 1672; x_wconf 86' lang='lat' dir='ltr'>coniuncti</span> <span class='ocrx_word' id='word_1_126' title='bbox 848 1634 936 1681; x_wconf 86' lang='lat' dir='ltr'>sint,</span> <span class='ocrx_word' id='word_1_127' title='bbox 971 1648 1101 1684; x_wconf 86' lang='lat' dir='ltr'>neque</span> <span class='ocrx_word' id='word_1_128' title='bbox 1134 1648 1184 1673; x_wconf 83' lang='lat' dir='ltr'>an</span> <span class='ocrx_word' id='word_1_129' title='bbox 1220 1636 1428 1685; x_wconf 80' lang='lat' dir='ltr'>praecipua</span> <span class='ocrx_word' id='word_1_130' title='bbox 1463 1648 1581 1685; x_wconf 85' lang='lat' dir='ltr'>quae-</span> 
     </span>
     <span class='ocr_line' id='line_1_25' title="bbox 252 1697 1580 1748; baseline 0.002 -12"><span class='ocrx_word' id='word_1_131' title='bbox 252 1698 343 1736; x_wconf 83' lang='lat' dir='ltr'>dam</span> <span class='ocrx_word' id='word_1_132' title='bbox 361 1697 409 1735; x_wconf 87' lang='lat' dir='ltr'>sit</span> <span class='ocrx_word' id='word_1_133' title='bbox 425 1698 609 1736; x_wconf 87' lang='lat' dir='ltr'>habenda</span> <span class='ocrx_word' id='word_1_134' title='bbox 623 1700 719 1737; x_wconf 90' lang='lat' dir='ltr'>fides</span> <span class='ocrx_word' id='word_1_135' title='bbox 736 1700 894 1737; x_wconf 88' lang='lat' dir='ltr'>duobus</span> <span class='ocrx_word' id='word_1_136' title='bbox 914 1699 1015 1737; x_wconf 86' lang='lat' dir='ltr'>illius</span> <span class='ocrx_word' id='word_1_137' title='bbox 1032 1699 1201 1738; x_wconf 82' lang='lat' dir='ltr'>familiae</span> <span class='ocrx_word' id='word_1_138' title='bbox 1216 1699 1338 1748; x_wconf 77' lang='lat' dir='ltr'>libris,</span> <span class='ocrx_word' id='word_1_139' title='bbox 1351 1700 1580 1738; x_wconf 81' lang='lat' dir='ltr'>Victoriano</span> 
     </span>
     <span class='ocr_line' id='line_1_26' title="bbox 252 1763 1581 1813; baseline 0.003 -14"><span class='ocrx_word' id='word_1_140' title='bbox 252 1769 289 1799; x_wconf 85' lang='lat' dir='ltr'>et</span> <span class='ocrx_word' id='word_1_141' title='bbox 313 1764 528 1801; x_wconf 87' lang='lat' dir='ltr'>Decurtato</span> <span class='ocrx_word' id='word_1_142' title='bbox 549 1763 682 1813; x_wconf 74' lang='lat' dir='ltr'><em>(BG),</em></span> <span class='ocrx_word' id='word_1_143' title='bbox 707 1776 806 1813; x_wconf 86' lang='lat' dir='ltr'>quos</span> <span class='ocrx_word' id='word_1_144' title='bbox 827 1777 916 1802; x_wconf 90' lang='lat' dir='ltr'>cum</span> <span class='ocrx_word' id='word_1_145' title='bbox 940 1764 1094 1802; x_wconf 83' lang='lat' dir='ltr'>Ritschl</span> <span class='ocrx_word' id='word_1_146' title='bbox 1116 1764 1313 1802; x_wconf 89' lang='lat' dir='ltr'>Bembino</span> <span class='ocrx_word' id='word_1_147' title='bbox 1341 1764 1581 1803; x_wconf 74' lang='lat' dir='ltr'>adiunxisset</span> 
     </span>
     <span class='ocr_line' id='line_1_27' title="bbox 251 1828 1581 1880; baseline 0.003 -16"><span class='ocrx_word' id='word_1_148' title='bbox 251 1835 293 1865; x_wconf 84' lang='lat' dir='ltr'>ut</span> <span class='ocrx_word' id='word_1_149' title='bbox 314 1828 404 1865; x_wconf 84' lang='lat' dir='ltr'>tabe</span> <span class='ocrx_word' id='word_1_150' title='bbox 426 1828 671 1878; x_wconf 83' lang='lat' dir='ltr'>Calliopiana</span> <span class='ocrx_word' id='word_1_151' title='bbox 698 1828 876 1874; x_wconf 84' lang='lat' dir='ltr'>intactos,</span> <span class='ocrx_word' id='word_1_152' title='bbox 901 1829 1010 1866; x_wconf 90' lang='lat' dir='ltr'>breui</span> <span class='ocrx_word' id='word_1_153' title='bbox 1030 1836 1168 1879; x_wconf 84' lang='lat' dir='ltr'>postea</span> <span class='ocrx_word' id='word_1_154' title='bbox 1190 1829 1378 1867; x_wconf 82' lang='lat' dir='ltr'>Dziatzko</span> <span class='ocrx_word' id='word_1_155' title='bbox 1399 1837 1436 1868; x_wconf 83' lang='lat' dir='ltr'>et</span> <span class='ocrx_word' id='word_1_156' title='bbox 1458 1832 1581 1880; x_wconf 87' lang='lat' dir='ltr'>Ump-</span> 
     </span>
     <span class='ocr_line' id='line_1_28' title="bbox 252 1892 1582 1944; baseline 0.003 -15"><span class='ocrx_word' id='word_1_157' title='bbox 252 1892 422 1930; x_wconf 79' lang='lat' dir='ltr'>fenbach</span> <span class='ocrx_word' id='word_1_158' title='bbox 442 1892 482 1930; x_wconf 86' lang='lat' dir='ltr'>in</span> <span class='ocrx_word' id='word_1_159' title='bbox 503 1893 690 1931; x_wconf 82' lang='lat' dir='ltr'>familiam</span> <span class='ocrx_word' id='word_1_160' title='bbox 713 1893 1000 1943; x_wconf 82' lang='lat' dir='ltr'>Calliopianam</span> <span class='ocrx_word' id='word_1_161' title='bbox 1028 1895 1309 1944; x_wconf 80' lang='lat' dir='ltr'>relegauerunt,</span> <span class='ocrx_word' id='word_1_162' title='bbox 1331 1908 1456 1944; x_wconf 84' lang='lat' dir='ltr'>nuper</span> <span class='ocrx_word' id='word_1_163' title='bbox 1476 1896 1582 1933; x_wconf 85' lang='lat' dir='ltr'>deni-</span> 
     </span>
     <span class='ocr_line' id='line_1_29' title="bbox 253 1957 1581 2006; baseline 0.002 -12"><span class='ocrx_word' id='word_1_164' title='bbox 253 1970 330 2006; x_wconf 82' lang='lat' dir='ltr'>que</span> <span class='ocrx_word' id='word_1_165' title='bbox 359 1957 418 1994; x_wconf 89' lang='lat' dir='ltr'>uir</span> <span class='ocrx_word' id='word_1_166' title='bbox 446 1959 587 1996; x_wconf 88' lang='lat' dir='ltr'>doctus</span> <span class='ocrx_word' id='word_1_167' title='bbox 618 1959 664 1997; x_wconf 89' lang='lat' dir='ltr'>E.</span> <span class='ocrx_word' id='word_1_168' title='bbox 697 1959 754 1996; x_wconf 90' lang='lat' dir='ltr'>M.</span> <span class='ocrx_word' id='word_1_169' title='bbox 785 1960 908 1996; x_wconf 81' lang='lat' dir='ltr'>Pease</span> <span class='ocrx_word' id='word_1_170' title='bbox 937 1958 977 1996; x_wconf 89' lang='lat' dir='ltr'>in</span> <span class='ocrx_word' id='word_1_171' title='bbox 1008 1958 1276 1998; x_wconf 83' lang='lat' dir='ltr'>Uniuersitate</span> <span class='ocrx_word' id='word_1_172' title='bbox 1306 1958 1581 1998; x_wconf 85' lang='lat' dir='ltr'>Californiensi</span> 
     </span>
     <span class='ocr_line' id='line_1_30' title="bbox 254 2022 1582 2074; baseline 0.002 -15"><span class='ocrx_word' id='word_1_173' title='bbox 254 2023 453 2060; x_wconf 83' lang='lat' dir='ltr'>Professor</span> <span class='ocrx_word' id='word_1_174' title='bbox 481 2022 687 2061; x_wconf 85' lang='lat' dir='ltr'>codicibus</span> <span class='ocrx_word' id='word_1_175' title='bbox 715 2024 834 2062; x_wconf 80' lang='lat' dir='ltr'>PCB</span> <span class='ocrx_word' id='word_1_176' title='bbox 861 2023 1090 2073; x_wconf 83' lang='lat' dir='ltr'>posthabuit</span> <span class='ocrx_word' id='word_1_177' title='bbox 1119 2022 1410 2074; x_wconf 73' lang='lat' dir='ltr'>(Transactions</span> <span class='ocrx_word' id='word_1_178' title='bbox 1446 2024 1493 2072; x_wconf 87' lang='lat' dir='ltr'>of</span> <span class='ocrx_word' id='word_1_179' title='bbox 1522 2024 1582 2061; x_wconf 80' lang='lat' dir='ltr'>tlze</span> 
     </span>
     <span class='ocr_line' id='line_1_31' title="bbox 251 2087 1582 2140; baseline 0.002 -16"><span class='ocrx_word' id='word_1_180' title='bbox 251 2089 455 2125; x_wconf 76' lang='lat' dir='ltr'>American</span> <span class='ocrx_word' id='word_1_181' title='bbox 488 2089 744 2138; x_wconf 75' lang='lat' dir='ltr'>Plzc&#39;lological</span> <span class='ocrx_word' id='word_1_182' title='bbox 767 2089 909 2138; x_wconf 52' lang='lat' dir='ltr'>Soct&#39;ezy</span> <span class='ocrx_word' id='word_1_183' title='bbox 924 2089 999 2137; x_wconf 83' lang='lat' dir='ltr'>for</span> <span class='ocrx_word' id='word_1_184' title='bbox 1034 2090 1144 2137; x_wconf 84' lang='lat'>1887,</span> <span class='ocrx_word' id='word_1_185' title='bbox 1175 2090 1250 2127; x_wconf 80' lang='lat' dir='ltr'>vol.</span> <span class='ocrx_word' id='word_1_186' title='bbox 1281 2088 1371 2126; x_wconf 79' lang='lat' dir='ltr'>xviii</span> <span class='ocrx_word' id='word_1_187' title='bbox 1386 2087 1424 2140; x_wconf 82' lang='lat'>¹),</span> <span class='ocrx_word' id='word_1_188' title='bbox 1456 2096 1499 2126; x_wconf 88' lang='lat' dir='ltr'>ut</span> <span class='ocrx_word' id='word_1_189' title='bbox 1527 2102 1582 2127; x_wconf 89' lang='lat' dir='ltr'>re-</span> 
     </span>
     <span class='ocr_line' id='line_1_32' title="bbox 253 2152 1578 2204; baseline 0.002 -15"><span class='ocrx_word' id='word_1_190' title='bbox 253 2152 481 2191; x_wconf 78' lang='lat' dir='ltr'>censionem</span> <span class='ocrx_word' id='word_1_191' title='bbox 510 2152 798 2203; x_wconf 78' lang='lat' dir='ltr'>CalliopIanam</span> <span class='ocrx_word' id='word_1_192' title='bbox 828 2153 998 2203; x_wconf 84' lang='lat' dir='ltr'>primum</span> <span class='ocrx_word' id='word_1_193' title='bbox 1028 2160 1066 2192; x_wconf 87' lang='lat' dir='ltr'>et</span> <span class='ocrx_word' id='word_1_194' title='bbox 1094 2154 1305 2203; x_wconf 86' lang='lat' dir='ltr'>plurimum</span> <span class='ocrx_word' id='word_1_195' title='bbox 1336 2166 1541 2204; x_wconf 88' lang='lat' dir='ltr'>perpessos</span> <span class='ocrx_word' id='word_1_196' title='bbox 1554 2154 1578 2191; x_wconf 81' lang='lat'>².</span> 
     </span>
    </p>
   </div>
   <div class='ocr_carea' id='block_1_5' title="bbox 255 2248 1581 2390">
    <p class='ocr_par' dir='ltr' id='par_1_8' title="bbox 255 2248 1581 2390">
     <span class='ocr_line' id='line_1_33' title="bbox 299 2248 1581 2302; baseline 0.002 -11"><span class='ocrx_word' id='word_1_197' title='bbox 299 2262 306 2279; x_wconf 89' lang='lat'>¹</span> <span class='ocrx_word' id='word_1_198' title='bbox 331 2261 484 2291; x_wconf 64' lang='lat' dir='ltr'>videnda</span> <span class='ocrx_word' id='word_1_199' title='bbox 503 2267 580 2292; x_wconf 86' lang='lat' dir='ltr'>sunt</span> <span class='ocrx_word' id='word_1_200' title='bbox 597 2262 738 2301; x_wconf 87' lang='lat' dir='ltr'>insuper</span> <span class='ocrx_word' id='word_1_201' title='bbox 753 2272 840 2301; x_wconf 82' lang='lat' dir='ltr'>quae</span> <span class='ocrx_word' id='word_1_202' title='bbox 864 2262 995 2293; x_wconf 86' lang='lat' dir='ltr'>Minton</span> <span class='ocrx_word' id='word_1_203' title='bbox 1018 2248 1168 2292; x_wconf 76' lang='lat' dir='ltr'>warren</span> <span class='ocrx_word' id='word_1_204' title='bbox 1185 2261 1309 2292; x_wconf 84' lang='lat' dir='ltr'>ibidem</span> <span class='ocrx_word' id='word_1_205' title='bbox 1326 2262 1372 2293; x_wconf 89' lang='lat' dir='ltr'>iii.</span> <span class='ocrx_word' id='word_1_206' title='bbox 1390 2272 1432 2302; x_wconf 83' lang='lat'>59</span> <span class='ocrx_word' id='word_1_207' title='bbox 1449 2272 1520 2302; x_wconf 85' lang='lat' dir='ltr'>sqq.</span> <span class='ocrx_word' id='word_1_208' title='bbox 1539 2263 1581 2293; x_wconf 82' lang='lat' dir='ltr'>de</span> 
     </span>
     <span class='ocr_line' id='line_1_34' title="bbox 255 2304 1172 2345; baseline 0 -9"><span class='ocrx_word' id='word_1_209' title='bbox 255 2305 372 2336; x_wconf 74' lang='lat' dir='ltr'>codiee</span> <span class='ocrx_word' id='word_1_210' title='bbox 389 2304 422 2334; x_wconf 85' lang='lat' dir='ltr'><em>P</em></span> <span class='ocrx_word' id='word_1_211' title='bbox 435 2311 467 2334; x_wconf 83' lang='lat' dir='ltr'>et</span> <span class='ocrx_word' id='word_1_212' title='bbox 486 2305 620 2336; x_wconf 85' lang='lat' dir='ltr'>Bentlei</span> <span class='ocrx_word' id='word_1_213' title='bbox 638 2306 732 2336; x_wconf 86' lang='lat' dir='ltr'>libris</span> <span class='ocrx_word' id='word_1_214' title='bbox 748 2306 987 2345; x_wconf 80' lang='lat' dir='ltr'>manuscriptis</span> <span class='ocrx_word' id='word_1_215' title='bbox 1005 2305 1172 2336; x_wconf 79' lang='lat' dir='ltr'>disseruit.</span> 
     </span>
     <span class='ocr_line' id='line_1_35' title="bbox 297 2347 1540 2390; baseline 0.002 -12"><span class='ocrx_word' id='word_1_216' title='bbox 297 2348 308 2366; x_wconf 79' lang='lat'><em>²</em></span> <span class='ocrx_word' id='word_1_217' title='bbox 335 2348 410 2379; x_wconf 87' lang='lat' dir='ltr'>Hoc</span> <span class='ocrx_word' id='word_1_218' title='bbox 427 2349 544 2379; x_wconf 88' lang='lat' dir='ltr'>ordine</span> <span class='ocrx_word' id='word_1_219' title='bbox 562 2349 697 2381; x_wconf 85' lang='lat' dir='ltr'>codices</span> <span class='ocrx_word' id='word_1_220' title='bbox 714 2349 894 2390; x_wconf 80' lang='lat' dir='ltr'>dispositos</span> <span class='ocrx_word' id='word_1_221' title='bbox 911 2349 993 2380; x_wconf 85' lang='lat' dir='ltr'>uelit</span> <span class='ocrx_word' id='word_1_222' title='bbox 1010 2349 1062 2380; x_wconf 88' lang='lat' dir='ltr'>uir</span> <span class='ocrx_word' id='word_1_223' title='bbox 1078 2349 1197 2381; x_wconf 84' lang='lat' dir='ltr'>doctus</span> <span class='ocrx_word' id='word_1_224' title='bbox 1213 2360 1219 2380; x_wconf 93' lang='lat'><strong>:</strong></span> <span class='ocrx_word' id='word_1_225' title='bbox 1244 2347 1540 2381; x_wconf 76' lang='lat' dir='ltr'><em>APCBFDEGV.</em></span> 
     </span>
    </p>
   </div>
  </div>
 </body>
</html>
