1773 2750
712 131 980 169 PHORMIO
1449 133 1500 168 II.
1524 133 1552 167 ii

187 241 280 278 ΡΗ
314 239 504 277 Phanium
532 240 704 278 relictam
732 240 884 277 solam?
944 240 1034 278 GE.
1064 240 1128 277 si‘c.
1187 241 1279 277 ΡΗ
1310 247 1346 277 et
1368 240 1506 278 imtnm

400 306 564 342 senem?

192 370 282 408 GE.
315 368 473 418 oppido.
544 369 637 406 ΡΗ
679 368 729 406 ad
756 374 794 406 te
821 369 973 405 siimma
1000 368 1138 413 solum,
1162 367 1359 414 Phormio,
1382 370 1507 404 renim

402 432 501 471 redit
519 448 526 470 :

190 499 272 535 ttite
292 498 368 535 hoc
388 496 549 534 intristi:
579 496 650 535 tibi
670 504 825 535 omnest
845 496 1092 535 exedendum
1110 511 1117 534 z
1146 498 1359 546 accingere.

195 563 286 601 GE.
317 561 480 599 obsecro
501 568 550 600 te.
607 563 700 599 ΡΗ
733 562 765 599 si
790 561 940 611 rogabit
961 591 968 599 .
989 591 995 599 .
1020 591 1027 599 .
1090 562 1181 600 GE.
1213 562 1251 598 1'n
1273 568 1310 599 te
1331 573 1418 610 spes
1439 568 1507 599 cst.
1531 571 1547 601 5

401 627 494 663 ΡΗ
526 625 670 672 e'ccere,

103 705 172 740 320
189 691 285 740 quid
305 689 335 728 si
352 691 518 728 reddet?
577 691 668 730 GE.
700 697 741 729 tu
762 690 946 741 impulisti.
1003 691 1097 728 ΡΗ
1129 691 1183 728 sl'c
1204 689 1354 739 opinor.
1417 691 1508 729 GE.

402 754 579 793 siibueni.

187 820 280 857 ΡΗ
313 818 412 858 cedo
433 833 591 858 senem:
622 819 700 858 iam
726 820 914 859 instriicta
941 826 1031 858 sunt
1057 819 1111 857 mi
1137 819 1176 857 in
1204 819 1322 858 corde
1349 818 1511 857 consilia

401 884 544 922 omnia.

192 949 283 987 GE.
315 949 410 998 quid
437 950 559 998 ages?
613 951 707 987 ΡΗ
739 949 834 999 quid
863 949 934 997 uis,
957 948 1031 987 m'si
1054 948 1110 987 uti
1135 956 1290 987 maneat
1315 948 1508 986 Phanium

400 1020 518 1063 atque
538 1026 584 1052 ex
605 1013 765 1052 crimine
781 1015 857 1053 hoc

187 1067 458 1127 Antiphonem
490 1078 650 1128 eripiam
689 1086 806 1128 atque
839 1079 878 1116 in
918 1092 981 1117 me
1014 1091 1173 1117 omnem
1205 1078 1300 1116 iram
1335 1077 1509 1116 deriuem

401 1142 533 1181 senis?

192 1208 282 1247 GE.
314 1208 338 1245 ό
384 1207 442 1246 uir
485 1207 592 1246 fortis
635 1207 752 1257 atque
798 1207 968 1246 amicu's.
1072 1206 1208 1245 uerum
1256 1207 1332 1245 hoc
1379 1220 1505 1257 saepe,
1531 1224 1567 1246 10

400 1272 597 1319 Phormio,

101 1348 165 1385 325
187 1337 332 1384 ue'reor,
370 1350 419 1376 ne
458 1337 577 1376 istaec
615 1337 802 1376 fortitudo
840 1337 878 1375 in
919 1338 1082 1376 neruom
1114 1335 1507 1392 erumpatssde'nique.

399 1403 492 1440 ΡΗ
523 1404 585 1449 ah,

186 1467 265 1505 non
287 1466 397 1505 itast:
429 1468 611 1506 facttimst
632 1467 832 1517 periclum,
855 1466 931 1504 iam
953 1467 1099 1516 pedum
1122 1465 1240 1504 uisast
1262 1466 1335 1504 uia.

186 1531 294 1580 quod
342 1545 404 1570 me
451 1545 587 1570 censes
635 1531 814 1570 homines
857 1531 933 1569 iam
977 1530 1254 1569 deuerberasse
1294 1543 1418 1580 usque
1461 1531 1510 1569 :td

401 1601 538 1635 necem
552 1598 568 1635 Ρ

187 1659 388 1713 [hospites‚
411 1669 493 1700 tum
516 1661 640 1700 ciuis?
671 1675 750 1711 quo
771 1660 892 1710 magis
913 1660 1018 1707 noui,
1041 1667 1150 1698 tanto
1171 1657 1356 1712 saepius]

185 1725 284 1764 ce'do
323 1727 429 1773 dum,
466 1739 705 1776 enumquam
745 1725 969 1763 iniiiriarum
1009 1724 1151 1763 audisti
1191 1724 1285 1762 mihi
1325 1724 1505 1774 scriptam
1530 1739 1565 1771 ¹5

398 1791 526 1830 dicam
541 1793 557 1828 ?

99 1868 167 1903 330
189 1857 280 1894 GE.
311 1857 379 1906 qui
399 1856 526 1894 istuc?
581 1858 674 1894 ΡΗ
706 1855 797 1905 quia
813 1867 892 1894 non
910 1855 989 1894 re'te
1004 1853 1177 1905 accipitri
1193 1854 1365 1893 te'nnitur
1380 1867 1508 1904 neque

398 1922 530 1966 miluo,

184 1985 252 2034 qui
271 1986 372 2023 male
392 1985 540 2023 faciunt
562 1985 699 2024 nobis:
731 1985 804 2024 illis
825 1986 893 2035 qui
913 1984 1009 2023 nihil
1030 1984 1177 2023 faciunt
1198 1983 1380 2031 temnitur,

184 2049 276 2098 quia
295 2049 399 2087 enim
420 2049 459 2087 in
481 2049 553 2088 illis
575 2051 719 2088 fractus
741 2057 808 2096 est,
832 2049 871 2087 in
892 2049 965 2088 illis
986 2062 1105 2099 opera
1124 2049 1280 2088 hiditur.

184 2113 267 2152 aliis
287 2114 445 2153 aliunde
466 2114 523 2153 e'st
544 2114 731 2165 periclum
753 2116 859 2154 unde
879 2114 1026 2164 aliquid
1047 2115 1183 2153 abradi
1203 2121 1354 2164 potest:

185 2178 280 2216 mihi
299 2178 427 2217 sciunt
447 2178 500 2217 nil
521 2178 616 2217 esse.
675 2179 781 2217 dices
804 2180 971 2218 ‘dticent
992 2180 1223 2217 damnatiim
1244 2179 1407 2216 domum
1423 2180 1452 2216 ’ς
1528 2193 1567 2214 20

100 2250 164 2286 335
184 2241 284 2280 silere
305 2244 443 2281 nolunt
463 2243 664 2282 hominem
686 2245 848 2282 edacem
869 2251 906 2281 et
927 2243 1082 2292 sapiunt
1103 2256 1190 2280 mea
1211 2242 1414 2288 sententia,

227 2347 292 2384 328
317 2355 447 2375 uersum
465 2346 605 2376 damnat
615 2346 787 2376 Fleckeisen
918 2355 983 2385 333
1006 2345 1168 2385 periclum
1196 2348 1242 2376 Σε
1266 2344 1451 2383 periculum
1470 2346 1501 2374 A

186 2398 249 2427 335
274 2389 319 2418 sic
331 2388 364 2418 A
381 2399 386 2418 :
413 2399 485 2419 mea
501 2389 637 2427 quidem
655 2389 822 2419 sententia
840 2392 864 2420 Σ
879 2399 954 2418 cum
974 2389 1060 2419 libris
1075 2387 1272 2419 Bentleianis

199 2464 273 2484 TER.
296 2463 402 2484 121-10R.
1355 2457 1393 2486 12
