1773 2750
742 131 1043 169 EVNVCHVS
1478 132 1545 168 IV.
1567 129 1612 166 vi

144 255 184 290 75
192 254 208 292 5
232 243 322 280 CH
355 241 517 280 militem
539 255 672 281 seeum
693 242 743 280 ad
764 248 801 280 te
821 248 987 291 quantas
1007 240 1140 290 copias
1160 241 1386 279 adducere?

228 306 324 345 attat
345 337 352 344 .
376 336 383 344 .
407 337 414 344 .
437 308 524 346 TH.
555 319 651 344 num
690 307 968 345 formidulosus
1012 306 1177 344 6bseer0
1210 318 1262 351 es,
1303 304 1357 343 mi
1401 306 1551 344 homo?

444 372 533 410 CH.
565 371 686 421 apage
707 370 781 409 sis:

228 435 329 485 egon
349 435 656 475 formidulosus?
684 442 840 475 nemost
860 435 1067 475 hominum
1088 435 1155 486 qui
1176 434 1283 474 uiuat
1303 433 1443 473 minus.

234 502 321 539 TH.
353 500 470 551 atque
489 500 542 539 ita
568 508 694 551 opust.
756 502 845 540 CH.
877 502 938 548 ah,
962 500 1096 539 metuo
1123 501 1279 551 qualem
1308 501 1349 538 tri
1377 512 1439 538 me
1466 509 1550 538 esse
1573 510 1612 532 20

441 565 642 604 hominem
663 567 883 604 existumes.

234 631 321 668 TH.
353 631 474 669 immo
495 631 570 669 hoc
591 630 761 680 cogitato
778 646 784 669 :
815 630 976 680 quicum
997 629 1056 668 res
1077 629 1195 677 tibist,
1212 630 1436 681 peregrinus
1457 635 1514 667 est
1529 642 1539 676 3

143 700 210 743 760
229 695 357 732 minus
385 701 525 745 potens
555 708 674 745 quam
701 697 756 743 ni,
777 694 906 733 minus
935 702 1064 743 notus,
1087 696 1216 733 minus
1245 694 1461 733 amicorum
1488 694 1552 732 hic

439 760 600 798 habens.

228 826 318 864 CH.
350 826 430 864 scio
465 824 574 863 istuc.
634 826 704 864 sed
738 832 777 864 tu
814 826 922 876 quod
955 838 1093 864 cauere
1127 824 1263 875 possis,
1296 826 1457 863 stultum
1487 825 1552 863 ad-

440 892 592 929 mittere
612 899 680 930 est.

226 956 330 994 malo
350 969 422 1006 ego
443 969 515 994 nos
536 958 758 1008 prospicere
779 970 898 1007 quarn
919 958 1025 995 hunc
1046 955 1180 994 ulcisci
1200 962 1362 1006 accepta
1381 954 1530 993 iniiiria.

226 1022 267 1059 tii
287 1020 352 1059 abi
378 1028 495 1071 atque
523 1022 662 1060 obsera
683 1021 827 1061 ostium
854 1021 968 1068 intus,
992 1022 1088 1060 dtim
1114 1034 1186 1071 ego
1213 1020 1305 1059 hinc
1332 1027 1551 1059 transcurro
1573 1033 1610 1064 25

440 1086 490 1126 aid
510 1088 636 1126 forum
654 1102 661 1126 z

227 1153 319 1191 uolo
348 1165 421 1202 ego
449 1153 586 1192 adesse
616 1152 679 1191 hic
713 1152 927 1192 aduocatos
957 1151 1072 1192 nobis
1101 1151 1141 1190 in
1171 1152 1284 1191 turba
1312 1151 1395 1190 ha'c.
1461 1153 1548 1190 TH.

441 1231 566 1257 mane.

140 1288 204 1331 765
228 1283 318 1321 CH.
351 1282 489 1321 melius
510 1291 577 1322 est.
644 1285 730 1322 TH.
760 1284 906 1322 omitte.
968 1283 1058 1322 CH.
1090 1282 1167 1320 iam
1182 1282 1312 1321 adero.
1378 1283 1465 1320 TH.
1497 1283 1550 1320 nil

439 1362 538 1399 opus
559 1355 616 1388 est
637 1348 728 1396 istis,
753 1349 952 1388 Chremes.

224 1413 300 1452 hoc
331 1415 451 1453 modo
480 1413 554 1460 dic,
578 1413 749 1452 sororem
779 1426 864 1452 esse
893 1412 999 1451 illam
1029 1420 1137 1451 tuam
1166 1411 1204 1451 e't
1231 1419 1268 1451 te
1294 1425 1455 1462 paruam
1479 1413 1551 1451 uir-

436 1478 567 1529 ginem

223 1543 407 1591 amisisse,
427 1546 532 1583 minc
548 1557 748 1594 cognosse.
795 1544 904 1593 signa
919 1543 1095 1582 ostende.
1145 1543 1233 1581 ΡΥ.
1255 1543 1410 1581 αόείιηϊ.
1459 1544 1546 1581 TH.

435 1623 541 1660 cape.

223 1676 254 1713 si
283 1673 363 1713 uim
398 1675 522 1721 faciet,
561 1676 600 1713 in
629 1673 688 1712 ius
719 1673 854 1712 ducito
884 1672 1110 1712 hominem:
1151 1672 1397 1712 intellextin?
1455 1673 1545 1712 CH.
1570 1685 1610 1716 30

436 1740 568 1789 probe.

229 1806 314 1843 TH.
348 1804 407 1843 fac
436 1804 569 1842 animo
596 1805 693 1843 haec
719 1802 913 1855 praesenti
940 1802 1059 1843 dicas.
1121 1804 1210 1842 CH.
1243 1802 1393 1841 faciam.
1459 1804 1546 1841 TH.

436 1871 570 1908 attolle
591 1869 762 1920 pallium.

136 1950 204 1985 770
222 1934 327 1985 perii,
351 1935 443 1973 huic
463 1934 572 1985 ipsist
593 1935 692 1985 opus
713 1942 893 1986 patrono,
914 1934 1033 1985 que'm
1054 1933 1301 1973 defensorem
1323 1947 1426 1984 paro.

231 2052 460 2090 THRAso
512 2053 748 2090 GNATHO
799 2053 984 2090 SANGA
1035 2052 1308 2090 CHREMES
1360 2051 1538 2088 THAIS
1582 2049 1641 2085 vii

229 2141 356 2177 THR.
391 2141 575 2179 Hancine
609 2153 681 2190 ego
711 2148 753 2178 ut
773 2139 1053 2179 contumeliam
1084 2147 1163 2178 tam
1193 2138 1386 2188 insignem
1415 2137 1456 2175 in
1486 2150 1549 2175 me

435 2205 635 2256 accipiam,
660 2207 850 2244 Gnatho?

224 2271 322 2309 mori
341 2284 404 2309 me
424 2271 570 2310 satiust.
629 2271 800 2317 Simalio,
826 2270 981 2319 Donax,
1002 2270 1161 2321 Syrisce,
1186 2269 1404 2320 sequimini.

266 2376 326 2412 765
349 2374 458 2405 sicA:
489 2373 560 2406 TH.
581 2385 686 2405 mane.
736 2373 809 2405 CH.
839 2374 955 2405 omitte
979 2373 1043 2404 iam
1067 2374 1170 2405 adero
1188 2375 1212 2405 Σ
1379 2375 1442 2413 766
1464 2374 1509 2404 sic
1525 2377 1547 2405 Σ

219 2423 247 2449 ct
261 2417 384 2448 Donat.
405 2429 411 2448 :
434 2418 523 2449 illam
541 2423 630 2449 tuam
649 2428 723 2448 esse
740 2419 773 2448 A
