1773 2750
772 88 1040 125 PHORMIO
1485 92 1558 126 111.
1582 90 1594 125 i

710 258 946 305 ACTVS
1000 259 1047 304 ΙΙ
1062 259 1078 304 Ι

639 375 899 412 ANTIPHO
1010 375 1159 412 GETA
1580 382 1592 417 i

149 471 216 515 465
237 472 332 510 ΑΝ
362 461 480 510 Enim
507 484 610 517 uero,
634 470 820 522 Antipho,
851 470 1093 510 multimodis
1122 484 1212 510 cum
1243 472 1340 511 istoc
1365 473 1499 512 animo
1520 488 1559 512 es

450 536 730 585 uituperandus
746 550 753 573 t

235 602 338 639 itane
358 608 395 639 te
416 599 508 639 hinc
527 600 655 639 abisse
675 608 713 639 et
733 599 854 639 uitam
876 599 982 639 tuam
1004 602 1208 639 tutandam
1229 601 1313 640 aliis
1333 601 1489 641 dedisse
1506 606 1512 640 ἓ

232 664 328 702 alios
358 672 463 703 tuam
493 678 574 703 rem
602 664 801 703 credidisti
828 664 949 715 magis
976 678 1094 715 quam
1122 672 1200 703 tete
1225 665 1401 704 animum
1422 666 1558 706 aduor-

445 731 584 768 suros?

232 807 321 832 nam
361 795 402 832 iit
440 802 482 832 ut
520 803 628 832 erant
665 794 749 842 alia,
791 794 844 834 illi
883 802 987 834 certe
1025 794 1124 846 quae'
1159 808 1265 834 nunc
1303 795 1373 834 tibi
1411 797 1556 836 domist

444 861 677 907 consuleres,

230 923 279 962 ne
299 923 394 974 quid
415 932 571 975 propter
592 925 697 963 tuam
719 926 838 964 fidem
859 925 1024 975 dece'pta
1044 928 1241 975 poteretur
1262 926 1351 964 mali
1366 941 1376 974 ;

140 999 210 1033 470
229 989 323 1038 quoi
343 1002 448 1027 nune
470 988 631 1027 miserae
653 988 741 1039 spe's
762 1003 936 1040 opesque
956 992 1047 1028 sunt
1068 989 1106 1027 in
1128 997 1165 1028 te
1186 1004 1265 1028 uno
1286 990 1424 1029 omnes
1445 991 1551 1030 sitae.

232 1054 323 1092 GE.
365 1061 403 1092 et
437 1054 609 1103 quidem,
646 1068 719 1100 ere,
757 1068 828 1093 nos
868 1054 944 1092 iam
983 1055 1135 1093 dudum
1175 1054 1238 1093 hic
1276 1062 1313 1093 te
1347 1056 1550 1095 absentem

440 1120 663 1157 incusamus
685 1118 751 1169 qui
771 1118 922 1158 abieris.

223 1185 318 1221 AN.
351 1191 387 1222 te
409 1183 536 1234 ipsum
557 1184 805 1234 quaerebam.
868 1186 959 1224 GE.
991 1184 1061 1224 se'd
1081 1198 1127 1223 ea
1147 1197 1264 1223 causa
1284 1185 1406 1224 nihilo
1427 1186 1548 1236 magis

436 1248 663 1288 defecimus.

220 1315 316 1352 AN.
360 1315 518 1364 loquere
539 1315 712 1361 obsecro,
737 1328 816 1365 quo
837 1328 928 1353 nam
954 1316 992 1353 in
1014 1316 1102 1354 loco
1124 1323 1213 1354 sunt
1234 1315 1293 1354 re's
1314 1323 1351 1354 et
1370 1316 1547 1355 fortunae

434 1381 573 1419 meae?

221 1458 315 1483 num
350 1445 504 1484 subolet
537 1445 632 1494 quid
666 1447 793 1495 patri?
854 1447 945 1486 GE.
990 1445 1044 1483 nil
1076 1444 1205 1484 etiam.
1262 1447 1358 1484 AN.
1403 1448 1545 1497 ecquid
1570 1463 1606 1485 10

434 1509 516 1559 spei
537 1512 717 1560 porrost?
778 1511 869 1550 GE.
901 1510 1046 1549 ne'scio.
1104 1512 1200 1549 AN.
1231 1511 1293 1549 ah.

131 1579 196 1616 475
223 1576 314 1614 GE.
345 1574 419 1613 nisi
451 1574 643 1613 Phaedria
677 1576 784 1614 haud
815 1574 982 1614 cessauit
1013 1588 1083 1625 pro
1117 1583 1155 1613 te
1186 1575 1291 1614 eniti.
1349 1578 1445 1615 AN.
1491 1577 1544 1615 nil

430 1640 520 1678 fecit
541 1639 646 1678 noui.

220 1705 311 1743 GE.
343 1710 425 1742 tum
454 1703 640 1742 Phormio
668 1703 804 1743 itidem
834 1703 873 1742 in
898 1703 972 1742 hae
999 1717 1038 1742 re
1065 1711 1106 1742 ut
1129 1702 1201 1756 [in]
1227 1703 1311 1743 aliis
1341 1704 1541 1745 strenuom

429 1768 629 1807 hominem
651 1768 841 1819 praebuit.

212 1834 308 1872 AN.
358 1832 454 1884 quid
493 1833 524 1871 is
562 1833 685 1872 fecit?
759 1834 850 1873 GE.
896 1833 1114 1873 confutauit
1153 1834 1283 1873 uerbis
1321 1833 1539 1874 admodum

425 1898 564 1936 iratum
585 1912 730 1937 senem.

208 1964 305 2001 AN.
337 1976 395 2011 eu,
420 1962 617 2001 Phormio.
681 1963 772 2002 GE.
805 1976 877 2013 ego
898 1964 1006 2013 quod
1033 1963 1144 2014 potui
1171 1976 1297 2014 porro.
1356 1965 1451 2003 AN.
1485 1966 1538 2003 mi

423 2029 536 2075 Geta,
557 2027 685 2066 omnis
706 2028 778 2067 uos
798 2041 899 2066 amo.

212 2096 302 2135 GE.
335 2096 389 2134 sic
405 2095 552 2134 habent
568 2094 758 2146 principia
771 2108 855 2134 sese
872 2102 914 2133 ut
927 2096 1017 2134 dico
1034 2110 1041 2135 z
1071 2097 1202 2135 adhuc
1219 2096 1425 2146 tranquilla
1445 2103 1531 2144 rest,
1559 2112 1595 2145 15

1576 949 1592 980 5

251 2209 313 2249 465
337 2209 542 2240 multimodis
559 2209 730 2240 Fac'h'nus:
756 2209 868 2241 multis
887 2209 996 2241 modis
1013 2209 1106 2242 codd.
1194 2211 1259 2250 469
1284 2215 1458 2250 poteretur
1474 2210 1508 2241 A
1526 2223 1534 2242 ε

205 2258 379 2291 pateretur
394 2252 468 2285 A²E
488 2265 494 2283 :
520 2252 674 2284 Donatus
691 2254 834 2284 lectiones
853 2253 971 2284 ambas
988 2254 1159 2293 adgnoscit
1246 2264 1309 2293 474
1335 2254 1509 2285 Fleckeisen
1525 2266 1531 2286 :

206 2306 284 2326 num
301 2297 381 2335 quid
399 2297 483 2335 patri
500 2296 632 2327 subolet
650 2296 738 2328 codd.
855 2297 919 2337 476
944 2297 976 2327 in
995 2308 1061 2328 om.
1079 2298 1111 2327 A
1227 2308 1290 2337 479
1315 2303 1382 2329 rest
1398 2299 1531 2339 scripsi:

205 2349 259 2370 res
275 2344 327 2370 cst
345 2339 432 2371 codd.
451 2351 457 2371 :
482 2350 536 2371 res
552 2340 726 2371 Fleckeisen
