1773 2750
771 141 1072 178 EVNYCHVS
1518 145 1563 181 V.
1585 144 1630 180 ix

255 258 342 295 ΤΗ
374 255 488 294 uobis
502 255 630 292 fretus.
689 253 782 290 PH.
815 252 897 289 scin
912 264 1028 301 quam
1044 252 1191 294 fretus?
1222 253 1342 298 miles,
1359 252 1567 299 edicotibi,

248 322 280 359 sl'
299 329 337 360 te
358 320 396 358 in
417 321 544 370 platea
564 316 766 356 offendero
787 317 860 354 hac
880 323 968 365 post
993 317 1196 365 umquam,
1217 318 1325 365 quod
1346 316 1452 355 diczis
1475 317 1569 355 mihi

140 387 225 432 1065
248 388 257 406 ‘
271 386 390 424 cilium
424 383 671 434 quaerebam,
708 382 778 420 iter
808 382 881 419 hae
916 379 1035 418 habui
1050 381 1080 418 'z
1121 380 1278 431 periisti.
1341 383 1435 420 GN.
1469 381 1569 430 heia,
1591 393 1630 425 35

459 448 566 486 haud
586 448 641 485 sic
662 447 786 485 decet.

250 516 338 552 ΡΗ
369 515 566 552 dictumst.
630 512 723 550 GN.
755 524 836 549 non
870 511 1067 561 cognosco
1106 518 1283 549 uostrum
1322 510 1401 549 tzim
1440 524 1567 561 super-

458 578 554 615 bum
576 607 582 614 .
607 607 614 614 .
672 577 766 614 PH.
799 576 853 614 sic
873 589 956 625 ago.

250 644 344 683 GN
375 643 480 692 prius
500 641 633 680 audite
653 640 811 691 paucis:
841 641 949 690 quod
971 653 1092 690 quom
1113 642 1260 688 dixero,
1284 640 1314 679 si
1335 641 1534 691 plzicuerst,

244 706 413 746 fdcitote.
473 706 564 744 CH.
595 705 813 743 audicimus.
877 706 970 744 GN
1003 713 1043 743 tu
1065 704 1241 744 concede
1266 707 1427 755 paulum
1455 705 1564 752 istuc,

458 771 621 808 Thraso.

242 835 434 886 principio
455 848 527 885 ego
548 848 619 874 uos
642 834 800 873 credere
821 834 959 873 ambos
980 835 1056 873 hoc
1077 834 1173 872 mihi
1193 835 1396 874 uemente'r
1416 835 1548 883 uelim,

137 917 224 951 1070
242 914 305 940 me
326 900 441 938 huius
463 899 656 950 quidquid
678 899 778 939 fzicio
798 899 838 938 id
859 901 985 938 facere
1006 899 1188 938 maxume
1209 900 1326 938 causat
1347 913 1460 948 mea;
1586 915 1628 945 40

241 965 376 1004 uerum
399 965 505 1004 idem
526 965 557 1003 si
578 965 692 1003 uobis
713 966 885 1014 prodest,
906 965 978 1003 uos
998 978 1079 1002 non
1100 966 1225 1003 facere
1246 964 1445 1003 inscitiast.

238 1031 332 1068 PH.
365 1031 460 1081 quid
482 1030 521 1069 id
543 1032 632 1069 est?
693 1031 786 1069 GN.
819 1029 982 1067 militem
1009 1029 1080 1080 e'go
1105 1030 1266 1068 riualem
1291 1029 1565 1081 recipiundum

453 1095 606 1134 ce'nseo.
663 1096 757 1133 PH.
789 1095 891 1141 hem,

239 1160 543 1211 recipiundum?
621 1161 715 1200 GN.
758 1159 886 1210 cogita
925 1161 1068 1199 modo:
1113 1168 1155 1198 tu
1190 1159 1320 1199 hercle
1358 1174 1449 1199 cum
1488 1160 1562 1207 illa,

455 1225 658 1272 Phaedria,

237 1292 279 1328 iit
302 1291 483 1329 lubenter
503 1290 604 1329 uiuis
627 1289 789 1341 (etenim
811 1288 913 1328 be'ne
933 1290 1113 1328 lubenter
1132 1289 1316 1341 uictitas),

131 1365 214 1401 1075
237 1356 345 1405 quod
367 1357 436 1394 des
457 1357 656 1406 paulumst
677 1354 714 1393 e't
735 1362 933 1393 necessest
953 1356 1121 1393 multum
1142 1354 1320 1405 accipere
1340 1355 1547 1395 Thzi‘i'dem.
1583 1366 1623 1396 45

236 1422 278 1458 tit
299 1427 367 1458 tuo
387 1420 510 1459 amori
532 1419 783 1470 suppeditare
803 1418 955 1469 possint
976 1419 1060 1458 sine
1081 1422 1240 1470 sumptu
1261 1427 1329 1459 tuo

235 1484 368 1522 omnia
389 1486 500 1533 haec,
522 1484 643 1535 magis
666 1485 910 1535 opportunus
931 1484 1004 1523 nec
1025 1485 1147 1535 magis
1168 1499 1215 1524 ex
1234 1487 1306 1523 usu
1328 1492 1397 1524 tuo

235 1548 401 1588 ne'most.
461 1548 653 1600 principio
676 1548 713 1588 et
735 1549 854 1588 habet
875 1550 984 1599 quod
1003 1550 1070 1588 det
1091 1549 1128 1588 e't
1149 1551 1216 1588 dat
1236 1563 1355 1588 nemo
1376 1550 1526 1600 lcirgius.

235 1614 362 1652 feituos
383 1622 455 1662 est,
475 1613 655 1662 insulsus,
680 1615 825 1661 tardus,
849 1613 973 1652 stertit
993 1614 1120 1653 noctis
1141 1614 1179 1652 et
1199 1614 1283 1653 dies
1300 1629 1307 1652 z

128 1680 216 1714 1080
235 1678 364 1728 ne'que
384 1678 502 1717 istum
524 1686 675 1717 metuas
698 1678 747 1717 ne'
768 1685 872 1717 amet
893 1678 1032 1717 mulier
1050 1694 1057 1716 :
1087 1678 1200 1717 facile
1220 1680 1341 1729 pellas
1362 1679 1429 1718 tibi
1451 1680 1557 1719 uelis.
1581 1698 1623 1729 50

235 1745 326 1782 CH.
358 1745 454 1794 quid
483 1744 666 1794 agimus?
729 1745 823 1783 GN.
855 1743 1053 1794 praeterea
1083 1745 1158 1782 hoc
1187 1743 1317 1792 etiam,
1349 1745 1457 1794 quod
1486 1759 1559 1796 ego

447 1810 510 1847 uel
531 1808 700 1858 primum
722 1816 830 1859 puto,

231 1872 372 1923 ziccipit
393 1874 514 1911 homo
535 1872 653 1911 ne'mo
675 1873 814 1912 melius
835 1874 991 1923 prorsus
1012 1887 1141 1924 neque
1162 1874 1357 1924 prolixius.

232 1938 322 1975 CH.
355 1939 496 1976 mirum
531 1938 570 1976 ni
606 1937 696 1976 illoc
732 1938 893 1977 homine
927 1952 1090 1989 quoquo
1123 1939 1240 1989 pdeto
1274 1947 1400 1990 opust.
1459 1942 1552 1979 PH.

444 2003 549 2042 idern
571 2017 643 2053 ego
665 2003 838 2042 [irbitror.

233 2069 327 2107 GN.
360 2067 463 2107 recte
483 2068 618 2107 facitis.
679 2071 801 2107 tinum
830 2068 947 2108 etiam
975 2070 1050 2108 hoc
1078 2083 1149 2108 uos
1177 2070 1257 2117 oro,
1281 2078 1322 2108 ut
1344 2084 1406 2109 me
1427 2070 1466 2108 in
1487 2084 1553 2109 uo-

442 2135 562 2171 strum
584 2147 739 2184 gregem

121 2202 206 2246 1085
227 2196 419 2247 recipiatis
437 2212 443 2235 τ
473 2198 564 2236 scitis
585 2198 652 2236 diu
674 2199 749 2236 hoc
771 2198 846 2236 iam
864 2199 999 2237 szixum
1017 2213 1143 2238 uorso.
1203 2201 1295 2238 PH.
1328 2199 1547 2250 recipimus.
1572 2209 1609 2242 55

275 2286 356 2315 1068
381 2285 447 2316 CH
459 2285 491 2314 A
510 2296 515 2315 :
541 2285 613 2315 PH
626 2288 650 2317 Σ
739 2286 909 2325 paululum
927 2286 1012 2318 codd.
1032 2287 1083 2317 l11'c
1096 2288 1172 2317 etin
1188 2298 1218 2318 v.
1239 2298 1320 2326 1075
1468 2289 1550 2328 1069

227 2327 400 2359 Fleckeisen
417 2340 423 2359 :
446 2329 561 2359 ambos
579 2329 718 2359 credere
735 2329 823 2360 codd.
1031 2340 1108 2369 1071
1137 2330 1163 2361 si
1182 2331 1270 2361 idem
1287 2331 1375 2361 codd.
1393 2343 1399 2361 ι
1424 2335 1548 2372 transp.

226 2371 399 2402 Fleckeisen
559 2374 641 2411 1076
665 2373 795 2411 possint
813 2397 820 2404 .
840 2398 846 2404 .
867 2397 873 2403 .
895 2373 1007 2403 omnia
1024 2374 1105 2404 haec
1122 2373 1271 2413 Bentley:
1298 2375 1427 2413 possit.
1450 2399 1457 2406 .
1479 2399 1486 2406 .
1506 2376 1547 2406 ad

223 2415 336 2445 omnia
353 2415 437 2445 haec
458 2415 547 2445 codd.

1404 2472 1461 2502 10*
