1773 2750
104 105 216 143 III.i
625 105 663 142 P.
696 105 948 142 TERENTI
979 105 1112 142 AFRI

209 217 296 255 CH.
329 215 493 255 dissolui
515 220 588 262 me,
611 215 760 254 oti6sus
781 229 940 266 operam
962 223 1004 254 ut
1025 215 1094 254 tibi
1116 216 1261 254 darem.

124 296 184 319 100
204 282 320 330 Syrus
341 280 399 318 est
419 281 672 331 prendendus
692 280 811 330 aitque
830 281 1101 319 adhortandiis
1122 279 1228 317 mihi.

201 359 225 383 a
245 344 307 384 me
328 344 462 384 nescio
481 344 569 395 quis
589 343 689 383 exit:
720 346 896 383 concede
916 346 1008 383 hinc
1028 346 1204 390 domum,
1553 347 1621 384 5ῙΟ

203 424 254 448 ne
274 410 346 448 nos
367 409 466 449 inter
485 422 559 447 nos
579 408 804 458 congruisse
825 408 1004 447 se'ntiant.

158 575 186 612 ii
590 576 765 614 SvRvs
875 576 1147 615 CHREMES

206 675 238 713 S
250 675 288 711 Y.
321 675 411 712 Hac
431 673 520 711 illac
539 672 825 721 circumcursa3
855 672 1182 712 inueniundumst
1202 680 1334 711 tamen

203 738 408 788 argentum
425 753 432 776 :
462 737 706 777 intendenda
726 739 765 776 1'n
786 745 959 777 senemst
979 737 1141 775 falla'icia.

209 804 297 842 CH.
330 816 426 840 num
447 802 510 841 me'
531 802 666 841 fefellit
686 803 806 841 hosce
827 802 867 841 id
888 804 1064 840 struere?
1093 801 1278 841 uidelicet

204 867 268 905 ille
289 867 534 905 cidulescentz's
554 866 687 905 seruos
708 866 1010 914 tardiusculust3
1557 867 1620 904 515

167 945 184 975 5
204 932 352 971 idcirco
372 931 464 970 huic
485 939 619 970 nostro
640 930 816 970 traiditast
836 931 1049 982 prouincia.

204 998 287 1036 SY.
319 996 406 1046 quis
445 995 509 1034 hic
547 996 749 1046 loquitur?
788 996 895 1046 perii.
953 998 1049 1035 mim
1089 1009 1181 1035 nam
1221 997 1319 1035 haec
1356 994 1537 1034 audiuit?

424 1062 514 1100 CH.
545 1063 649 1111 Syre.
708 1063 790 1100 SY.
823 1063 926 1100 hem.

209 1127 299 1166 CH.
330 1125 427 1176 quid
461 1133 502 1164 tu
536 1126 651 1164 istic?
722 1127 755 1165 S
766 1127 803 1164 Y.
840 1134 944 1165 recte
977 1126 1163 1176 equidem
1178 1141 1187 1175 3
1232 1127 1301 1164 sed
1336 1133 1373 1164 te
1407 1124 1535 1171 miror,

422 1191 622 1238 Chremes,

206 1264 286 1294 tam
308 1256 434 1303 maine,
458 1255 525 1306 qui
546 1255 628 1294 heri
649 1256 802 1294 tentum
823 1255 978 1294 biberis.
1043 1257 1132 1295 CH.
1163 1257 1217 1294 nil
1238 1254 1365 1293 nimis.

207 1323 239 1360 S
250 1321 288 1359 Y.
324 1325 332 1341 ‘
345 1321 420 1358 nil'
441 1320 601 1359 narras?
629 1320 714 1359 uisa
734 1320 876 1368 uerost,
899 1321 1009 1371 quod
1029 1320 1107 1360 dici
1128 1322 1237 1367 solet,
1559 1321 1625 1358 520

148 1402 187 1423 10
205 1385 360 1436 aquilae
381 1392 573 1424 senectus.
637 1387 726 1425 CH.
759 1387 858 1424 heia.
916 1387 949 1425 S
961 1387 999 1424 Y.
1028 1385 1166 1424 mulier
1186 1386 1408 1431 commoda,

205 1450 331 1489 faceta
350 1452 448 1489 haec
469 1449 657 1489 meretrix.
722 1452 811 1490 CH.
843 1451 936 1489 szine
956 1450 1094 1489 itidem
1115 1450 1235 1488 uisa'rst
1254 1449 1362 1488 mihi.

206 1523 246 1554 et
266 1516 428 1565 quidem
449 1516 580 1554 hercle
600 1516 725 1554 forma
745 1517 954 1554 luculenta.
1015 1516 1069 1554 sic
1091 1515 1193 1553 satis.

208 1580 289 1619 SY.
322 1579 374 1617 ita
394 1581 476 1618 non
497 1587 538 1618 ut
559 1580 664 1627 olim,
688 1580 758 1619 se'd
779 1581 835 1619 uti
855 1594 972 1629 nunc,
996 1580 1088 1619 sane
1109 1580 1240 1628 bona3

208 1644 464 1695 minumefique
485 1644 603 1683 miror
624 1644 754 1684 Clinia
774 1647 876 1684 hanc
897 1645 928 1683 si
949 1645 1110 1695 deperit.
1559 1652 1622 1689 525

153 1724 189 1757 ¹5
209 1710 278 1747 sed
298 1708 418 1747 habe't
438 1716 588 1759 patrem
609 1710 809 1759 quendam
833 1709 995 1748 z'midum
1017 1709 1156 1748 misere
1176 1716 1295 1759 atque
1316 1708 1468 1748 dridum

208 1773 383 1812 uicinum
404 1775 510 1813 hunc
527 1789 534 1812 ;
564 1774 726 1813 nostin?
754 1775 793 1813 eit
813 1774 924 1825 quasi
945 1774 976 1813 is
997 1788 1078 1813 non
1098 1774 1203 1813 ditiis

208 1838 394 1885 abundet,
418 1846 558 1888 gnatus
579 1840 661 1878 eius
681 1839 851 1889 profugit
872 1839 1014 1889 inopia.

208 1902 283 1941 scis
304 1902 388 1941 esse
409 1904 557 1942 factum
577 1912 619 1942 ut
640 1905 730 1942 dico
747 1906 764 1942 ?
822 1905 912 1943 CH.
945 1904 1041 1954 quid
1061 1917 1134 1954 ego
1154 1905 1196 1942 ni
1215 1903 1365 1942 sciam?

251 2016 315 2045 509
339 2005 605 2046 prehendendus
629 2005 723 2037 schol.
749 2006 881 2037 chb.:
916 2007 1112 2046 prehendus
1136 2005 1192 2036 A:
1226 2006 1536 2046 apprehendendus

206 2053 273 2080 cett.
405 2059 487 2088 509-
495 2060 533 2089 51
543 2059 555 2078 1
578 2053 653 2090 post
668 2060 697 2081 v.
715 2060 777 2088 497
795 2049 941 2080 exhibent
957 2049 1045 2081 codd.
1061 2061 1069 2080 ι
1093 2050 1229 2081 restituit
1242 2050 1374 2089 Bentley
1472 2060 1509 2088 51
1521 2060 1533 2079 1

207 2093 404 2132 congruisse
419 2092 645 2133 Engelbreclzt:
671 2103 859 2132 congruere
876 2092 963 2124 codd.
983 2105 990 2124 ε
1017 2092 1085 2124 edd.
1105 2093 1166 2124 alii
1178 2093 1251 2124 aliis
1271 2092 1412 2123 medellis
1436 2096 1537 2122 metro

206 2136 404 2176 opitulatum
428 2139 506 2166 eunt
637 2145 699 2176 515
725 2136 955 2167 adulescentis
981 2136 1085 2167 Brz'x:
1119 2136 1250 2167 Cliniae
1273 2135 1357 2167 codd.
1378 2148 1384 2167 :
1418 2136 1536 2167 Cliniai

205 2180 335 2220 Bentley
465 2181 529 2219 518
553 2179 597 2210 sic
611 2179 644 2209 A
659 2191 665 2211 :
692 2185 782 2210 recte
800 2180 955 2219 equidem
973 2184 1006 2210 te
1024 2180 1172 2210 demiror
1188 2180 1334 2211 Chreme
1352 2182 1375 2209 Σ
1473 2189 1536 2218 522

207 2223 322 2254 itidem
337 2223 508 2253 Fleckeisen
523 2234 530 2253 :
556 2223 644 2254 idern
655 2222 743 2253 codd.
825 2223 905 2254 mihi
923 2227 966 2255 Σ;
992 2223 1116 2261 tibi-A,
1133 2224 1195 2262 qui
1206 2223 1303 2254 uerba
1325 2223 1413 2253 idem
1432 2223 1537 2253 uisast

208 2267 266 2297 tibi
283 2267 367 2305 Syro
383 2266 494 2297 tribuit
623 2267 688 2306 526
710 2267 833 2297 misere
850 2266 972 2297 Bothe:
997 2267 1155 2298 miserum
1171 2265 1257 2297 codd.
1380 2276 1442 2305 527
1467 2267 1537 2296 diu-

208 2311 273 2340 tius
289 2309 334 2340 El
350 2321 356 2340 :
382 2310 507 2341 diuitiis
524 2313 588 2341 cell.
721 2320 787 2350 529
810 2310 890 2350 quid
907 2320 970 2350 ego
989 2310 1021 2340 ni
1046 2310 1147 2341 sciam
1171 2308 1352 2341 Paumier:
1376 2310 1457 2350 quid
1475 2320 1537 2350 ego

209 2354 355 2384 nesciam
372 2353 460 2384 codd.
