1773 2750
725 108 1026 147 EVNVCHVS
1461 111 1535 148 III.
1559 111 1572 147 i

222 220 314 259 GN
345 218 477 258 labere
496 218 624 258 alieno
644 217 788 268 magno
808 226 956 267 partam
977 218 1137 267 gldriam

128 299 199 334 400
216 284 345 322 uerbis
366 296 482 333 saepe
501 283 541 321 in
562 296 603 321 se
622 282 863 321 trzinsmouet
883 281 950 331 qui
971 281 1089 320 habet
1110 283 1229 320 salem
1247 297 1258 330 ;
1563 308 1601 330 10

216 348 324 398 quod
354 347 395 386 in
426 346 511 385 test.
576 348 664 385 ΤΗ
706 346 839 384 habes.
913 347 1006 385 GN
1050 359 1114 384 rex
1147 353 1185 385 te
1219 346 1309 396 ergo
1342 346 1381 385 in
1417 348 1538 386 oculis

208 441 216 447 .
434 412 522 449 TH.
554 410 710 449 scilicet.

220 477 314 516 GN
344 475 503 526 gestare.
568 476 655 513 TH.
686 487 804 513 vero:
835 473 992 514 credere
1013 488 1173 514 omnem
1193 475 1415 524 exercitum,

217 540 388 579 consilia.
451 540 544 579 GN
575 538 727 577 mirum.
793 540 880 577 TH.
913 541 996 577 ttim
1022 539 1147 578 sicubi
1167 553 1257 578 eum
1278 540 1432 579 satietas

216 604 422 643 hominum
442 606 508 642 aiit
528 603 659 653 negoti
679 605 712 642 si
731 605 892 654 quando
912 603 1048 642 odium
1069 604 1234 654 ceperat,

128 676 194 714 405
215 668 457 718 requiescere
478 668 546 707 ubi
565 668 736 715 uolebat,
759 668 870 718 quasi
901 698 908 706 .
943 699 950 707 .
983 698 990 707 .
1023 669 1186 707 nostin?
1246 670 1339 709 GN
1371 669 1475 708 scio:
1564 682 1601 714 15

214 733 325 783 quasi
345 732 412 771 ubi
433 734 537 771 illam
558 740 762 783 exspueret
779 733 974 772 miseriam
996 747 1042 771 ex
1061 733 1206 772 anime.
1271 735 1311 772 Τ
1303 735 1358 772 H.
1389 741 1509 772 tenes.

213 804 297 835 tum
318 796 381 836 me
401 797 611 836 conuiuam
633 798 760 836 selum
782 798 1004 837 abducebat
1025 798 1109 836 sibi.
1172 799 1265 838 GN
1297 797 1376 845 hui,

213 874 343 911 regem
365 861 581 911 elegantem
604 862 744 900 narras.
812 864 898 900 TH.
931 862 1054 901 immo
1074 864 1128 901 sic
1148 863 1306 901 homost
1325 877 1332 900 :

214 928 498 976 perpaiicorum
518 926 773 965 hominumst.
839 928 932 966 GN
964 928 1086 966 immo
1107 928 1302 966 nullorum
1323 926 1496 974 arbitror,

126 1004 196 1038 410
214 990 245 1028 si
266 990 396 1029 tecum
416 990 523 1029 uiuit.
588 993 674 1029 ΤΗ
709 991 884 1030 inuidere
905 991 1042 1030 omnes
1063 991 1170 1038 mihi,
1559 1006 1601 1029 20

213 1054 392 1093 mordere
413 1056 634 1094 clanculum
655 1070 661 1093 :
693 1055 766 1106 ego
787 1069 867 1094 non
888 1055 1000 1094 flocci
1021 1055 1192 1106 pendere
1209 1071 1215 1093 :

213 1119 266 1157 illi
287 1119 462 1158 inuidere
484 1120 622 1158 misere
638 1135 648 1167 ,-
678 1133 814 1158 uerum
837 1122 937 1159 umis
958 1128 1089 1159 tamen

213 1183 386 1233 inpense,
409 1184 626 1234 elephantis
647 1198 765 1234 quem
789 1173 936 1223 indicis
955 1185 1202 1235 praefecerat.

213 1248 244 1287 is
264 1248 331 1287 fibi
353 1250 540 1287 molestus
562 1249 684 1299 mzigis
707 1257 774 1296 est,
802 1251 991 1299 ‘quaeso’
1011 1249 1171 1299 inquzim
1195 1253 1203 1269 ‘
1217 1250 1356 1296 Strato,

124 1325 163 1359 4¹
175 1325 191 1362 5
213 1326 287 1361 eon
309 1313 349 1352 es
371 1315 487 1361 ferox,
510 1314 601 1364 quia
624 1314 745 1353 habes
768 1313 973 1363 imperium
994 1313 1033 1351 in
1055 1314 1218 1352 beluas?
1234 1316 1242 1332 '
1561 1330 1598 1361 25

216 1380 308 1418 GN.
340 1378 500 1429 pulchre
520 1380 717 1417 mehercle
738 1379 887 1417 dictum
908 1384 945 1416 et
966 1377 1169 1427 sapienter.
1228 1391 1363 1428 papae,

210 1444 401 1493 iugularas
423 1444 636 1483 hominem.
696 1444 792 1493 quid
813 1443 906 1481 ille?
970 1444 1057 1481 TH.
1089 1450 1220 1481 mutus
1242 1443 1342 1482 ilico.

215 1509 309 1548 GN
340 1509 436 1559 quid
474 1509 514 1547 ni
553 1508 683 1548 esset?
740 1510 828 1547 ΡΑ.
873 1507 913 1546 di
952 1507 1123 1546 uostrzim
1163 1508 1293 1554 fidem,
1334 1508 1536 1546 hominem

423 1574 619 1624 perditum

210 1638 474 1690 miseriimque
495 1647 532 1678 et
552 1640 662 1678 illurn
684 1638 911 1689 sacrilegum
931 1642 937 1677 ἱ
1000 1640 1087 1676 TH.
1120 1637 1215 1687 quid
1236 1637 1342 1684 illt'ld,
1362 1638 1532 1685 Gnatho,

122 1715 191 1749 420
209 1717 288 1754 quo
309 1705 424 1755 pacto
446 1705 649 1744 Rhodium
671 1705 861 1754 tetigerim
882 1704 921 1742 in
943 1703 1138 1751 conuiuio,
1207 1736 1211 1738 Α
1554 1723 1596 1754 30

209 1770 425 1820 numquam
446 1770 516 1809 tibi
537 1770 645 1809 dixi?
709 1771 801 1809 GN.
837 1771 1051 1818 ntimquam
1069 1783 1079 1816 3
1108 1768 1178 1806 sed
1199 1780 1309 1806 narra
1329 1768 1503 1806 ebsecro.

208 1836 294 1885 plus
315 1835 467 1874 miliens
488 1835 632 1874 audiui.
699 1836 785 1873 ΤΗ
818 1848 896 1873 una
916 1834 955 1872 in
977 1833 1162 1872 conuiuio

208 1908 288 1939 erat
308 1901 382 1947 hic,
405 1913 523 1950 quem
545 1900 646 1947 dico,
667 1899 849 1938 Rh6dius
870 1898 1198 1937 adulescentulus.

208 1967 306 2004 forte
326 1965 446 2004 habui
467 1973 637 2004 scortum
659 1980 664 2003 :
698 1964 826 2014 coepit
847 1965 898 2003 ad
918 1964 958 2002 id
978 1965 1166 2002 adhidere

121 2043 187 2080 425
209 2040 245 2069 et
267 2044 329 2069 me
350 2030 526 2069 inridere.
588 2030 705 2079 ‘quid
727 2031 805 2067 ais'
826 2029 986 2079 inquam
1009 2028 1159 2067 homini
1184 2029 1435 2079 ‘inpudens?
1554 2045 1594 2077 35

208 2097 318 2145 lepus
339 2098 420 2134 ttite
441 2109 492 2142 es,
516 2094 814 2145 pulpamentum
844 2094 996 2144 quaeris
1012 2096 1048 2132 ?’
1110 2095 1203 2133 GN.
1236 2094 1475 2131 hahahahae.

214 2162 300 2198 TH.
330 2160 425 2210 quid
446 2160 532 2198 est?
592 2161 685 2199 GN.
719 2160 854 2206 facete,
877 2159 1017 2209 lepide,
1041 2160 1155 2205 laute,
1179 2159 1231 2197 nss
1253 2171 1377 2208 supra.

249 2273 312 2301 402
335 2268 470 2302 gestare
484 2262 559 2293 AC¹
577 2275 583 2294 ε
608 2262 734 2302 gestire
751 2260 839 2293 codd.
867 2266 932 2294 cell.
1070 2273 1133 2302 409
1158 2262 1361 2292 hominurnst
1377 2261 1508 2301 Bentley
1525 2273 1531 2291 :

207 2307 379 2337 hominum
397 2305 484 2338 codd.
621 2316 684 2345 425
709 2305 834 2336 homini
851 2306 884 2335 A
904 2318 910 2336 :
938 2306 1037 2336 homo
1054 2307 1129 2336 14²2
1239 2306 1304 2344 426
1327 2310 1360 2336 et
1377 2304 1467 2345 pulp.
1486 2309 1509 2336 Σ
1525 2317 1530 2335 :

206 2355 238 2380 et
254 2360 319 2380 om.
335 2350 367 2379 A
502 2349 701 2381 hahahahae
718 2347 878 2380 Dzialzko
895 2349 960 2380 coll.
980 2359 1008 2380 v.
1023 2359 1098 2388 497,
1119 2348 1240 2382 Heaut.
1259 2349 1332 2388 886,
1352 2347 1426 2380 Hec.
1445 2349 1508 2378 862
1523 2359 1528 2379 :

205 2393 359 2423 hahahae
375 2392 461 2424 codd.
