1773 2750
148 133 217 170 IV.
240 132 284 170 iii
661 131 700 169 P.
734 130 985 170 TERENTI
1015 130 1148 168 AFRI

242 243 333 281 naim
360 244 456 282 dum
483 242 650 282 amicam
676 244 778 281 hanc
805 242 934 281 me'am
961 255 1046 280 esse
1072 243 1215 288 credet,
1238 243 1319 281 non
1347 243 1567 282 committet

456 307 588 346 filiam.

242 374 282 410 ni
304 373 380 411 fors
401 371 497 422 quid
519 385 582 410 me
603 373 670 410 fiat
691 371 801 422 parui
822 371 972 421 pendis,
995 372 1092 410 dum
1112 371 1166 410 illi
1186 372 1380 410 consulas.
1589 373 1654 414 713

241 438 273 475 S
286 438 323 474 Υ.
355 437 451 486 quid
473 437 621 474 malum
644 449 706 474 me
727 436 896 474 aetatem
917 449 1053 474 censes
1075 435 1176 475 uelle
1197 436 1238 474 id
1257 436 1555 475 adsimularier?

241 503 342 539 rinus
363 508 421 539 est
441 499 536 546 dies,
561 501 657 539 dum
677 507 881 550 argentum
903 500 1048 550 eripio:
1078 514 1175 550 pax:
1206 501 1259 538 nil
1280 501 1459 552 amplius.

179 581 221 612 40
243 567 324 604 CL.
356 565 509 604 tantum
549 572 607 603 sat
646 565 800 603 habes?
843 565 939 614 quid
974 572 1057 602 tum
1092 578 1251 614 quaeso,
1285 565 1317 603 si
1351 566 1427 604 hoc
1461 573 1570 616 pater

457 628 656 668 resciuerit
670 630 686 666 ?

241 695 273 732 S
288 695 324 732 Υ.
355 695 451 744 quid
472 694 503 732 si
525 695 644 733 redeo
664 694 715 732 ad
742 694 829 732 illos
853 692 921 743 qui
947 693 1056 731 aiunt
1080 695 1197 743 ‘quid
1224 694 1255 732 si
1282 708 1388 733 nunc
1415 696 1567 733 caelum

457 765 541 797 ruat
557 760 573 796 ?
589 760 596 776 '

243 825 324 862 CL.
357 823 491 863 metuo
505 823 600 873 quid
614 836 739 873 agam.
799 824 831 862 S
843 825 881 861 Υ.
914 822 1085 861 metuis?
1114 822 1225 873 quasi
1240 837 1321 862 non
1338 823 1384 862 e'a
1396 831 1568 874 potestas
1591 833 1660 868 720

457 890 505 927 sit
526 896 602 935 tua,

240 953 321 1003 quo
341 953 438 992 uelis
460 952 498 991 in
521 953 697 1003 te'mpore
720 960 761 992 ut
782 960 820 992 te
841 953 1030 1000 exsoluam,
1055 967 1135 992 rem
1157 953 1274 992 facias
1295 955 1436 1004 palam.

243 1018 324 1056 CL.
356 1018 426 1067 age
457 1031 539 1068 age,
572 1018 796 1056 traducatur
828 1017 1005 1056 Bacchis.
1076 1019 1158 1056 SY.
1191 1019 1352 1069 optume
1382 1019 1466 1070 ipsa
1494 1020 1571 1058 exit

458 1083 571 1120 foras.

178 1182 493 1219 ivBAccms
550 1181 757 1219 CLINIA
815 1181 990 1218 Sers
1049 1181 1253 1219 DROMO
1312 1183 1570 1220 PHRYom

241 1269 333 1305 BA.
365 1266 465 1305 Satis
486 1267 552 1317 pol
574 1274 754 1316 proterue
777 1266 839 1304 me
862 1266 943 1316 Syri
965 1268 1156 1317 promissa
1177 1268 1254 1305 huc
1275 1267 1521 1314 induxerunt,

240 1331 379 1370 decem
397 1331 522 1370 minas
539 1345 636 1381 quas
653 1331 745 1370 dare
764 1331 859 1369 mihi
880 1331 1104 1380 pollicitust.
1164 1333 1272 1381 quod
1289 1332 1319 1370 si
1336 1332 1367 1371 is
1383 1336 1489 1371 minc
1507 1347 1570 1372 me

240 1396 449 1447 deceperit,
474 1410 590 1447 saepe
613 1397 824 1435 obsecrans
847 1410 910 1435 me
932 1404 973 1434 ut
995 1396 1152 1435 ueniam
1175 1398 1314 1435 frustra
1333 1397 1465 1436 ueniet
1480 1413 1490 1446 ,-
1592 1411 1657 1447 725

240 1470 306 1500 aut
327 1463 449 1512 quom
471 1469 676 1501 uenturam
700 1463 834 1501 dixero
857 1470 893 1501 et
917 1464 1168 1509 constituero,
1192 1477 1311 1513 quom
1334 1463 1364 1501 is
1385 1463 1488 1502 certe

203 1543 220 1574 5
240 1526 479 1573 renuntiarit,
504 1527 680 1577 Clitipho
703 1540 825 1577 quom
847 1527 887 1565 in
909 1527 976 1577 spe
998 1527 1188 1577 pendebit
1209 1527 1328 1565 animi
1349 1543 1355 1566 :

240 1591 436 1642 decipiam
456 1605 502 1630 ac
523 1605 603 1630 non
625 1592 794 1639 ueniam,
819 1594 936 1642 Syrus
959 1591 1055 1630 mihi
1077 1592 1184 1643 tergo
1205 1606 1353 1643 poenas
1374 1593 1532 1644 pe'ndet.

243 1658 324 1696 CL.
355 1655 447 1695 satis
479 1658 575 1695 scite
606 1656 798 1707 promittit
834 1656 914 1696 tibi.
988 1658 1070 1696 ΒΥ.
1102 1657 1210 1708 atqui
1243 1666 1284 1696 tu
1316 1659 1418 1697 hanc
1453 1658 1571 1698 iocari

457 1721 582 1760 credis
598 1724 615 1760 ?

241 1785 356 1824 faciet
369 1785 443 1824 nisi
459 1800 593 1825 caueo.
655 1788 745 1826 BA.
770 1787 988 1826 dormiunt:
1012 1801 1085 1838 ego
1101 1788 1167 1838 po'l
1184 1787 1278 1827 istos
1292 1788 1569 1827 commoue'bo.
1593 1802 1661 1837 730

242 1864 330 1889 mea
350 1850 717 1900 Phr)'⁷gia‚xaudistin
740 1852 862 1891 modo
883 1851 955 1891 iste
977 1853 1098 1891 homo
1116 1866 1235 1902 quam
1256 1854 1390 1891 uillam
1411 1854 1572 1892 demon-

459 1916 593 1954 strauit

186 1998 223 2020 10
244 1980 437 2020 Charini?
493 1983 585 2019 PH.
619 1982 765 2021 audiui.
824 1984 917 2021 BA.
949 1983 1180 2033 proxumam
1211 1996 1295 2022 esse
1325 1983 1417 2022 huic
1446 1984 1571 2022 fundo

457 2047 508 2085 ad
530 2048 738 2085 dextram?
795 2049 888 2085 PH.
920 2047 1093 2086 me'mini.

242 2111 334 2148 BA.
366 2111 559 2149 curriculo
581 2125 760 2161 percurre
780 2126 786 2149 :
817 2112 924 2162 apud
945 2125 1035 2150 eum
1057 2111 1168 2150 mile's
1191 2111 1381 2161 Dionysia
1401 2112 1518 2162 agitat
1536 2128 1542 2150 :

243 2176 275 2213 S
287 2176 325 2213 Υ.
357 2175 454 2225 quid
475 2175 679 2226 inceptat?
700 2222 703 2223 ⁷
737 2177 829 2214 BA.
862 2175 926 2215 dic
946 2189 1009 2214 me
1030 2175 1094 2215 hic
1121 2175 1270 2226 oppido
1294 2188 1379 2215 esse
1405 2176 1570 2215 inuitam

459 2247 577 2290 atque
597 2239 806 2286 adseruari,
1047 2248 1051 2249 ⁷

289 2353 350 2382 715
375 2343 443 2374 fors
463 2342 581 2384 Guyet:
608 2343 749 2374 forsitan
767 2341 856 2374 codd.
1012 2353 1072 2383 724
1097 2343 1177 2374 mihi
1202 2344 1282 2375 dare
1305 2343 1392 2375 codd.
1413 2355 1420 2375 ε
1444 2346 1565 2385 transp.

242 2385 415 2417 Fleckeisen
549 2395 607 2425 731
634 2386 780 2417 audistin
798 2390 840 2418 Σι
864 2386 986 2429 audisti
1004 2387 1036 2417 A
