1773 2750
143 113 190 151 V.
211 112 258 149 iv
499 113 539 150 P.
572 112 825 151 TERENTI
857 112 990 149 AFRI
1023 113 1256 152 HECYRA

211 233 367 283 sciuntj
397 248 496 285 quos
526 242 658 274 autern
689 235 770 274 n6n
801 233 899 274 scire
927 242 1145 285 aequomst,
1170 234 1298 287 neque
1327 235 1538 274 resciscent

425 299 555 351 neque
575 299 710 339 scient.

210 366 301 404 BA.
335 366 456 405 immo
477 365 595 404 etiam
617 364 684 415 qui
705 365 782 404 hoc
802 364 989 404 decultari
1009 364 1160 404 faicilius
1181 364 1316 404 credes
1336 365 1453 405 dabo.

150 439 192 471 30
211 429 386 480 My'rrina
405 429 458 469 ita
479 429 677 480 Phidippo
697 428 794 468 dixit
813 429 896 469 iure
915 429 1081 469 iurand6
1102 443 1192 469 meo
1556 428 1626 470 870

209 493 250 533 se
280 495 400 534 fidem
429 494 615 534 habuisse
645 494 683 534 et
711 501 918 546 propterea
945 494 983 534 te
1015 494 1089 535 sibi
1117 502 1335 546 purgatum.
1393 496 1534 535 PAM.

424 561 646 611 &ptumesu

208 623 402 676 speroque
423 626 525 664 hanc
546 638 629 664 rem
650 638 735 664 esse
756 623 986 664 euenturam
1007 624 1122 664 ndbis
1143 639 1189 664 ex
1210 624 1471 664 sententia.—

207 690 339 729 PAR.
377 689 450 738 ere,
483 689 626 730 licetne
660 691 757 730 scire
791 704 837 730 ex
872 698 909 730 te
944 690 1074 738 hodie,
1107 691 1203 741 quid
1237 690 1286 729 sit
1320 691 1429 741 quod
1463 688 1536 729 feei

422 755 550 794 boni?

207 823 273 858 aut
308 820 404 871 quid
442 820 542 859 istuc
581 829 639 859 est
673 820 782 870 qudd
821 833 892 858 uos
930 819 1071 870 agitis?
1140 822 1280 860 PAM.
1313 820 1394 860 ndn
1432 820 1532 859 licet.

422 886 553 924 PAR.
586 891 718 924 tamen
740 884 916 935 suspicor
935 900 942 923 :

147 964 186 995 35
208 951 280 1000 ego
301 952 407 989 hune
427 951 478 988 ab
498 963 591 989 oreo
612 950 810 989 1116rtu0m
831 964 911 1000 quo
931 950 1048 1001 peieto
1070 981 1076 987 .
1101 981 1107 988 .
1159 953 1166 989 1
1223 951 1362 989 PAM.
1395 949 1532 996 neseis
1555 958 1620 1002 875

423 1015 627 1062 Parmeno,

207 1081 399 1130 qua'ntum
432 1080 552 1119 hodie
587 1080 777 1131 profueris
812 1079 908 1119 mihi
938 1088 975 1120 et
1005 1094 1051 1119 ex
1085 1080 1232 1131 quanta
1261 1093 1448 1119 aerumna
1477 1094 1536 1118 ex-

422 1145 590 1185 trzixeris.

206 1212 335 1250 PAR.
370 1212 491 1249 immo
509 1208 640 1264 [uero]
658 1211 749 1258 seio,
767 1224 896 1262 neque
917 1211 993 1250 hec
1013 1210 1228 1261 inprudens
1249 1209 1333 1249 feci.
1392 1211 1532 1249 PAM.

421 1289 495 1326 ego
515 1275 615 1315 istuc
636 1275 728 1314 stitis
749 1276 841 1315 scio.
900 1277 1030 1314 PAR.
1062 1277 1123 1323 ah,

208 1341 352 1380 temere
374 1340 587 1391 quicquam
610 1341 804 1380 Pzirrneno
825 1341 1040 1391 praetereat
1060 1342 1169 1391 quod
1191 1342 1294 1380 facto
1314 1342 1408 1379 usus
1428 1340 1509 1379 sit?

205 1407 345 1446 PAM.
379 1405 542 1456 sequere
563 1419 627 1444 me
653 1405 766 1453 intro,
791 1406 995 1445 Peirmeno.
1054 1407 1184 1444 PAR.
1216 1419 1369 1456 sequor.
1430 1404 1536 1456 e'qui-

421 1472 513 1510 dem
533 1472 621 1521 plus
642 1470 762 1510 hodie
783 1470 878 1510 boni

142 1552 186 1585 40
206 1536 279 1575 feei
318 1535 533 1587 inprudens
573 1535 691 1586 que'tm
732 1535 858 1574 sciens
897 1542 988 1575 ante
1027 1536 1133 1574 hune
1179 1535 1284 1575 diem
1330 1548 1530 1586 umquam.
1553 1540 1622 1575 880

422 1602 616 1641 CANTOR.
648 1600 847 1652 plaudite!

247 1706 311 1737 868
334 1705 529 1738 Fleckeisen:
564 1715 630 1736 non
663 1710 776 1736 autem
805 1711 981 1745 aequomst
1011 1705 1096 1737 scire
1129 1704 1217 1737 codd.
1366 1705 1428 1745 877
1453 1715 1534 1736 uero

202 1749 335 1780 sustulit
359 1749 463 1779 Bothe
593 1749 636 1779 ah
663 1748 832 1780 Com-adt:
863 1759 905 1780 an
935 1749 966 1779 in
995 1749 1085 1779 initio
1115 1759 1229 1780 uersus
1254 1749 1414 1789 sequentis
1442 1748 1530 1780 codd.

203 1793 267 1831 878
290 1793 377 1823 lzunc
396 1803 529 1824 uersum
550 1791 760 1823 Parmenom'
778 1792 862 1824 dant
879 1791 1075 1831 BCDEFP,
1096 1792 1273 1832 Pamphilo
1294 1796 1356 1825 cett.
1374 1803 1380 1823 :
1404 1791 1536 1832 Bentley

204 1847 279 1867 cum
297 1836 431 1868 Donato
444 1835 602 1869 Bacchidi
615 1836 752 1868 laetanti
765 1838 794 1867 et
804 1835 1049 1868 Parmenonem
1069 1835 1188 1868 ridenti
1200 1835 1407 1868 tm'buendmn
1424 1839 1524 1866 censet
