1773 2750
143 99 173 136 I.
196 97 244 134 iv
610 95 648 131 P.
683 92 935 143 TERENTI
967 91 1100 128 AFRI

138 213 175 244 25
196 200 339 238 millast
373 197 470 237 mihi
504 197 584 236 uita
623 195 852 246 expetenda.
917 194 1007 233 GE.
1040 205 1130 243 ergo
1165 193 1283 230 istaec
1317 204 1438 241 quom
1470 190 1523 229 ita

411 263 497 309 sint,
522 253 710 312 Antipho,

195 330 305 368 tanto
326 328 447 378 magis
469 335 507 367 te
527 325 740 376 aduigilare
760 331 968 374 aequomst
987 339 994 362 ε
1025 322 1133 362 fortis
1154 323 1309 361 fortuna
1329 321 1498 360 adiuuat.

194 395 291 434 AN
323 394 404 432 non
425 405 512 431 sum
533 392 639 442 apud
660 403 733 428 me.
797 390 888 429 GE.
920 387 1029 438 atqui
1057 388 1155 438 opus
1185 394 1242 425 est
1272 399 1377 424 nune
1401 398 1523 436 quom

411 458 594 496 maxume
615 463 658 494 ut
678 455 742 503 sis,
763 444 942 504 Antipho
957 468 966 501 3

194 523 285 562 nam
307 522 338 562 si
359 523 521 561 senserit
543 528 581 560 te
601 519 785 558 timidum
805 519 915 569 pater
936 531 1032 564 esse,
1055 516 1304 556 arbitrabitur
1542 523 1607 559 205

194 587 475 628 commeruisse
495 587 663 636 crilpam.
722 585 816 623 PH.
849 585 925 622 hoc
956 591 1140 622 uerumst.
1199 582 1295 621 AN
1328 582 1408 620 non
1437 593 1523 631 pos-

410 665 497 691 sum
517 651 754 690 immutarier.

137 732 176 763 30
199 719 289 758 GE.
321 717 418 768 quid
447 718 593 756 faceres
625 716 656 755 si
685 715 840 766 grauius
874 715 1023 765 aliquid
1053 714 1124 753 tibi
1153 726 1259 751 nunc
1293 712 1522 751 faciundtim

409 784 537 821 foret?

193 849 289 887 AN
322 860 444 898 quom
475 847 552 886 h6c
583 859 665 885 non
696 859 869 897 possum,
903 845 1000 884 illtid
1033 844 1162 883 minus
1196 857 1365 894 possem.
1429 843 1520 883 GE.

411 914 488 951 hoc
508 913 562 950 nss
584 919 653 959 est,
677 911 892 950 Phaedria:
924 910 1037 948 ilicet.

193 979 290 1028 quid
311 977 375 1016 hic
396 976 636 1016 conterimus
664 976 825 1027 operam
852 976 1019 1014 frustra?
1049 976 1144 1025 quin
1171 975 1304 1013 abeo?
1360 975 1453 1012 PH.
1486 981 1524 1012 et

409 1042 571 1093 quidem
592 1043 697 1092 ego?
752 1042 847 1080 AN
880 1041 1059 1087 obsecro,

193 1109 290 1158 quid
325 1107 355 1146 si
387 1107 612 1146 adsimulo?
655 1106 849 1145 satinest?
922 1107 1014 1145 GE.
1045 1105 1174 1155 garris.
1245 1105 1342 1143 AN
1374 1105 1524 1143 voltum
1545 1115 1613 1141 210

410 1171 756 1222 contemplamini:
787 1184 861 1218 em,

194 1238 319 1278 satine
349 1237 404 1277 sic
434 1238 521 1276 est?
581 1238 672 1277 GE.
709 1236 801 1275 non.
859 1237 955 1274 AN
987 1235 1084 1285 quid
1114 1235 1145 1274 si
1172 1235 1259 1274 sic?
1319 1236 1410 1275 GE.
1442 1235 1527 1285 pro-

411 1303 638 1353 pemodum.
696 1303 793 1341 AN
825 1301 921 1352 quid
938 1302 1022 1339 sic?
1082 1302 1174 1340 GE.
1205 1307 1263 1339 sat
1283 1307 1364 1339 est:

135 1384 176 1418 35
196 1368 270 1416 e'm,
292 1368 393 1408 istuc
413 1380 525 1406 serua
540 1382 550 1415 3
579 1375 617 1406 et
637 1366 804 1406 uerbum
825 1367 959 1414 uerbo,
982 1366 1051 1416 par
1070 1365 1153 1416 pari
1173 1373 1216 1404 ut
1236 1365 1487 1415 respondeas,

195 1434 245 1473 ne
265 1443 303 1473 te
323 1434 442 1472 iratus
463 1434 542 1471 suis
563 1431 771 1471 saeuidicis
791 1431 906 1470 dictis
926 1430 1102 1481 protelet.
1161 1432 1257 1470 AN
1289 1430 1382 1469 scio.

199 1500 290 1540 GE.
323 1500 363 1538 ui
383 1506 564 1537 coactum
585 1505 623 1536 te
639 1496 724 1536 e'sse
737 1496 916 1535 inuitum.
976 1497 1068 1534 PH
1100 1495 1368 1546 lege‚iudici6.
1432 1496 1523 1534 GE.

409 1565 549 1602 tenes?

195 1629 264 1669 sed
291 1629 355 1668 hic
375 1628 463 1679 quis
488 1636 545 1667 est
567 1627 685 1666 senex
705 1640 824 1678 quem
849 1626 968 1666 uideo
995 1626 1035 1664 in
1056 1624 1192 1664 intima
1216 1626 1376 1675 platea?
1419 1625 1526 1675 ipsus
1546 1637 1610 1674 215

410 1702 479 1732 est.

194 1761 290 1799 AN
323 1772 403 1798 non
433 1759 596 1809 possum
625 1759 774 1798 adesse.
839 1758 930 1797 GE.
966 1757 1028 1803 ah,
1058 1756 1154 1806 quid
1178 1755 1288 1805 agis?
1330 1768 1410 1805 quo
1429 1754 1526 1802 abis,

411 1814 619 1873 Antipho?

136 1909 178 1940 40
196 1903 312 1928 mane
332 1891 504 1939 inquam.
563 1889 660 1927 AN
693 1895 848 1939 egomet
870 1900 934 1926 me
954 1886 1049 1926 no'ui
1070 1894 1107 1925 et
1128 1887 1335 1937 peecattim
1356 1898 1488 1924 meum
1505 1899 1512 1923 :

196 1956 310 1994 uobis
331 1954 571 1993 commendo
592 1953 787 1992 Phanium
809 1961 846 1992 et
867 1952 988 1991 uitam
1010 1965 1150 1991 meam.
1165 1973 1219 1978 —

195 2021 289 2058 PH.
321 2020 432 2066 Geta,
456 2019 552 2069 quid
572 2031 679 2057 nunc
699 2019 794 2056 fiet?
852 2019 943 2058 GE.
975 2019 1017 2055 tri
1039 2017 1115 2055 iam
1136 2016 1213 2055 litis
1232 2015 1368 2055 atidies
1383 2030 1394 2063 3

195 2098 268 2135 ego
288 2084 435 2134 ple‘ctar
455 2085 634 2134 pendens
654 2082 728 2121 nisi
749 2082 845 2133 quid
866 2096 929 2121 me
950 2082 1136 2121 fefellerit.
1544 2089 1613 2116 220

196 2150 265 2188 sed
286 2149 395 2199 quod
416 2149 538 2187 modo
558 2148 622 2186 hic
643 2161 715 2186 nos
736 2138 1008 2198 Antiphonem
1029 2141 1266 2192 monuimus,

135 2228 176 2259 45
196 2214 236 2252 id
257 2215 411 2254 nosmet
433 2214 538 2264 ipsos
559 2213 684 2251 facere
705 2220 870 2262 oportet,
889 2211 1090 2250 Phaedria.

239 2329 300 2357 207
327 2317 462 2357 grauius
474 2317 600 2356 aliquid
612 2315 784 2347 Fleckeisen
799 2327 805 2347 :
832 2315 921 2347 aliud
935 2315 1071 2354 grauius
1082 2314 1132 2346 A:
1156 2314 1245 2345 aliud
1259 2314 1339 2354 quid
1352 2314 1488 2354 grauius
1500 2318 1524 2346 Σ

197 2372 259 2400 215
285 2362 337 2392 hic
354 2361 427 2402 quis
444 2361 500 2392 A:
527 2360 602 2400 quis
618 2360 671 2390 hic
689 2364 713 2389 Σ
