1773 2750
102 122 178 160 ΙΙΙ.

135 635 177 666 30

136 961 172 993 35

131 1283 173 1314 40

134 1669 174 1700 45

201 121 246 158 iii
623 122 663 157 P.
695 121 946 158 TERENTI
978 122 1109 158 AFRI

204 230 406 282 ‘quaeque
437 232 514 270 fors
543 231 755 270 fortiinast'
787 229 914 281 inquit
943 230 1084 270 ‘n6bis
1114 244 1214 280 quae
1245 238 1282 269 te
1311 231 1430 270 hodie
1460 232 1526 270 <Sb-

413 296 510 344 tulit,

198 361 267 412 pe'r
287 375 374 401 eam
395 368 432 400 te
453 361 706 400 obsecramus
726 361 878 408 ambae,
902 361 933 399 si
953 360 1026 409 ius,
1047 360 1078 400 si
1099 362 1155 399 fas
1176 360 1244 407 est,
1268 360 1324 399 uti

197 427 366 466 aduorsa
385 426 468 465 eius
489 426 558 477 per
578 434 616 465 te
636 433 739 465 tecta
758 426 954 476 taicitaque
974 427 1080 477 apud
1101 427 1229 465 omnis
1250 425 1361 465 sient.

198 490 230 529 si
263 493 453 541 nmquam
492 503 582 540 erga
615 497 653 528 te
687 503 772 530 esse
810 489 943 528 animo
980 489 1109 528 amico
1147 489 1302 528 sensisti
1341 503 1442 537 earn,
1471 490 1525 529 mi

414 554 629 606 Pamphile,

196 621 280 659 sine
300 621 434 660 labore
454 622 557 659 hane
576 619 738 670 gratiam
761 628 798 659 te
819 627 860 659 ut
881 620 954 659 sibi
975 621 1044 659 des
1065 633 1136 670 pro
1157 620 1222 659 illa
1242 624 1347 659 minc
1369 628 1487 671 rogat.
1544 635 1613 670 390

195 685 369 725 ceterum
390 687 440 725 de
460 685 716 725 reddueenda
736 685 776 725 id
797 684 915 724 facias
936 686 1044 736 quod
1066 684 1105 724 in
1126 699 1207 724 rem
1229 686 1276 724 sit
1297 693 1416 724 tuam.

195 750 382 801 parturire
403 750 489 790 eam
510 764 584 789 nec
603 750 806 800 grauidam
827 764 911 789 esse
932 750 979 788 ex
999 758 1037 789 te
1058 751 1164 789 solus
1185 750 1377 789 cdnsciu’s
1395 766 1401 789 :

195 829 287 854 nam
307 815 417 854 aiunt
437 822 568 854 tecum
589 816 678 865 pdst
698 815 855 853 duobus
876 814 1139 855 ccsneubuisse
1159 814 1371 853 mensibus.

195 882 289 927 tiim,
305 888 515 931 postquam
536 880 587 917 ad
608 887 645 917 te
661 878 781 925 uenit,
798 878 944 917 mensis
965 878 1090 929 agitur
1109 878 1173 917 hic
1194 878 1271 917 iam
1293 879 1496 930 septumus
1515 897 1521 919 :

194 945 302 994 qu6d
324 952 362 983 te
382 944 480 983 scire
500 944 584 993 ipsa
606 943 752 982 indicat
773 956 843 982 res.
902 945 1008 981 minc
1029 942 1061 981 si
1081 942 1183 993 potis
1205 951 1276 991 est,
1293 944 1508 995 Pamphile,
1543 962 1606 999 395

194 1009 376 1048 maxume
397 1009 489 1047 uold
510 1009 642 1058 doque
664 1021 823 1058 operam
844 1015 886 1046 ut
907 1009 1008 1046 clam
1030 1007 1186 1046 eueniat
1207 1011 1338 1059 paruis
1359 1017 1507 1060 patrem

193 1074 311 1124 fitque
331 1075 433 1113 adeo
453 1073 593 1113 omnis.
653 1073 723 1111 se'd
744 1072 775 1111 si
795 1072 836 1111 id
856 1072 938 1111 fieri
959 1073 1039 1111 ndn
1060 1080 1189 1124 potest
1209 1073 1305 1124 quin
1327 1073 1506 1121 sentiant,

192 1139 323 1177 dicam
344 1139 527 1177 abortum
548 1137 632 1177 esse
649 1154 655 1176 :
687 1137 769 1176 seio
789 1137 938 1176 nemini
958 1137 1067 1176 aliter
1088 1140 1314 1189 suspectiim
1336 1140 1418 1178 fore

193 1204 300 1252 quin,
323 1204 432 1253 quod
452 1202 534 1241 ueri
556 1201 729 1250 similest,
753 1215 799 1240 ex
819 1210 857 1241 te
877 1201 981 1240 recte
1001 1216 1092 1244 eum
1113 1205 1249 1241 nanim
1271 1211 1420 1254 putent.

192 1267 383 1306 cdntinuo
403 1267 643 1318 exponetur:
673 1266 738 1305 hie
759 1266 867 1306 tibist
887 1268 942 1305 nss
962 1266 1175 1317 quiequam
1198 1267 1453 1316 incdmmodi,
1540 1284 1610 1318 400

193 1334 231 1370 e't
251 1331 305 1370 illi
326 1332 490 1371 miserae
511 1332 672 1382 indigne
693 1333 836 1370 factam
857 1331 1037 1371 iniiiriam
1058 1331 1300 1371 contexens)

193 1397 390 1448 pdllicitus
412 1411 498 1436 sum
520 1405 558 1436 et
579 1398 733 1436 seruare
754 1396 793 1435 in
813 1410 861 1436 eo
882 1396 1069 1436 ee'rtumst
1090 1398 1198 1448 quod
1219 1397 1299 1437 dixi
1320 1399 1452 1438 fidem.

191 1461 283 1500 nam
318 1462 368 1501 de
402 1461 667 1509 redducenda„
701 1461 741 1500 id
775 1475 869 1500 uero
900 1475 950 1500 ne
984 1461 1162 1512 iitiquam
1194 1463 1405 1503 honestum
1436 1478 1520 1504 esse

406 1526 579 1575 arbitror,

193 1590 266 1631 ne'c
287 1592 438 1640 faciam,
461 1592 532 1631 etsi
552 1592 663 1631 amdr
684 1605 747 1632 me
766 1592 933 1643 grauiter
948 1593 1276 1647 cc‘msuetudoque
1296 1597 1379 1636 eius
1400 1603 1518 1636 tenet.

194 1657 381 1705 lacrumo,
405 1671 506 1708 quae
525 1658 692 1708 posthac
711 1659 876 1697 futurast
895 1659 976 1698 uita
996 1673 1118 1710 quom
1138 1660 1178 1699 in
1199 1661 1374 1701 mentem
1395 1661 1504 1701 uenit
1540 1674 1606 1710 405

197 1722 460 1773 sdlitudoque.
520 1724 544 1762 ό
564 1724 730 1770 fortuna,
752 1730 794 1762 ut
815 1725 1032 1774 niimquam
1053 1732 1244 1776 perpetuo
1265 1726 1305 1765 es
1327 1727 1455 1766 bona!

195 1787 265 1825 sed
286 1786 363 1825 iam
384 1787 488 1838 prior
507 1788 618 1826 amdr
638 1801 701 1826 me
721 1789 772 1826 ad
793 1789 895 1827 hanc
915 1802 997 1828 rem
1019 1789 1271 1829 exercitatum
1292 1791 1475 1839 reddidit,

193 1850 312 1901 quern
346 1864 418 1902 ego
449 1859 533 1890 tum
562 1852 727 1892 consilio
759 1852 921 1892 missum
951 1853 1048 1893 fe'ci:
1089 1854 1195 1894 idem
1225 1857 1331 1895 hunc
1360 1856 1518 1907 operam

407 1917 523 1956 dabo.

189 1981 301 2020 adest
322 1982 515 2021 Parmeno
536 1996 626 2021 cum
646 1984 777 2034 piieris
796 2001 802 2024 :
833 1987 939 2026 hunc
960 1987 1173 2027 minumest
1194 2001 1292 2038 opus

135 2061 146 2068 ·
189 2044 229 2083 in
249 2046 323 2084 hac
344 2060 384 2085 re
403 2048 542 2086 adesse
557 2062 566 2095 3
597 2062 689 2087 nam
711 2049 805 2088 <slim
826 2052 899 2089 soli
920 2051 1080 2099 credidi,
1537 2071 1606 2105 410

189 2110 235 2149 ea
254 2124 318 2149 me
337 2111 573 2152 abstinuisse
594 2114 633 2151 in
654 2113 861 2165 principio,
885 2116 1006 2166 qudrn
1027 2118 1166 2156 datast.

231 2215 296 2254 389
319 2215 519 2247 Fleckeisen:
551 2216 662 2248 animo
687 2228 764 2249 esse
788 2218 874 2250 codd.
1022 2229 1083 2259 391
1110 2220 1327 2252 redducenda
1350 2221 1516 2252 Faemts:

190 2258 384 2290 reducenda
410 2259 496 2291 codd.
645 2271 709 2299 400
733 2262 826 2292 tibist
860 2263 905 2293 nil
938 2263 1136 2294 Fleckeisen:
1175 2265 1233 2295 tibi
1267 2265 1312 2296 nil
1347 2270 1399 2296 est
1426 2264 1514 2295 codd.

189 2303 252 2338 406
276 2303 354 2333 data
373 2308 436 2343 pro
462 2303 550 2334 bona
577 2303 733 2335 Donatus
756 2309 785 2336 et
813 2306 898 2346 uolg.
1075 2308 1139 2346 408
1162 2319 1261 2348 quem
1288 2311 1335 2339 Σι
1359 2318 1457 2348 quam
1483 2308 1516 2339 A

188 2345 277 2377 idem
296 2346 386 2378 hunc
403 2347 506 2378 Bothe
522 2358 528 2379 :
555 2347 642 2379 idem
663 2358 751 2380 nunc
770 2349 846 2380 huie
865 2349 1047 2381 ABDEF:
1077 2351 1155 2383 item
1175 2363 1265 2383 nunc
1280 2353 1356 2384 huic
1373 2356 1436 2383 cctt.
