1773 2750
135 128 203 166 IV.
227 128 272 165 iii
649 130 689 166 P.
722 128 974 167 TERENTI
1005 129 1139 167 AFRI

229 239 328 278 istuc
355 252 490 291 sapere
517 246 585 286 est,
609 238 676 290 qui
707 238 774 279 ubi
801 252 1003 291 quomque
1031 253 1131 291 opus
1158 239 1206 279 sit
1229 239 1406 280 &inimum
1436 240 1558 291 possit

445 302 611 343 flectere.

228 368 337 419 quod
358 368 584 409 faciendum
605 369 654 408 sit
674 375 764 420 post
784 369 958 417 fortasse,
982 370 1087 409 idem
1109 370 1186 410 hoc
1211 383 1319 409 nunc
1346 370 1480 410 fecerit
1504 370 1559 409 sic

445 437 556 474 ultro.

228 499 261 538 S
265 499 309 538 O.
342 499 419 538 fors
440 500 522 537 fuat
548 500 625 550 pol.
683 500 771 538 LA.
803 498 868 538 eibi
888 513 952 540 rus
973 513 1064 551 ergo
1084 499 1177 539 hinc
1194 515 1200 540 :
1230 499 1285 540 ibi
1305 513 1378 552 ego
1399 506 1437 539 te
1457 506 1495 539 et
1515 506 1558 540 tu
1576 502 1646 538 610

446 562 510 602 me
530 565 640 602 feres.

189 638 206 670 5
229 629 308 668 SO.
342 629 456 680 spero
486 636 690 668 mecastor.
749 630 837 669 LA.
870 630 882 669 i
911 643 1003 682 ergo
1032 629 1134 670 intro
1164 637 1202 669 et
1231 630 1428 681 compone
1457 643 1558 682 quae

444 695 575 733 tecum
597 693 712 733 simul

227 757 421 798 ferantur:
452 758 541 798 dixi.
603 760 683 798 50.
716 758 769 797 ita
789 760 832 798 ut
852 758 964 799 iubes
985 759 1283 799 faciaim.-PA.
1315 766 1433 811 pater.

227 825 313 862 LA.
337 825 433 875 quid
447 823 516 870 uis,
534 823 770 874 Pamphile?
816 826 905 863 PA.
928 825 1021 864 hinc
1033 825 1140 864 abire
1154 824 1348 864 matrem?
1368 823 1554 864 minume.

441 890 529 928 LA.
562 889 659 941 quid
679 888 732 927 ita
752 894 793 926 m
814 887 913 928 istuc
935 887 1061 942 [uis]?

226 955 313 993 ΡΑ.
346 955 438 1005 quia
463 955 513 993 de
541 967 659 993 uxore
686 953 857 993 incertus
884 968 971 994 sum
999 954 1117 995 etiam
1145 955 1241 1005 quid
1271 953 1344 994 sim
1373 955 1554 993 facturus.

441 1020 530 1058 LA.
562 1019 658 1069 quid
679 1021 769 1058 est?

226 1085 321 1134 quid
343 1083 402 1124 uis
423 1085 550 1123 facere
570 1084 644 1123 nisi
665 1085 913 1125 redducere?
970 1086 1057 1124 PA.
1090 1083 1275 1137 equidem
1297 1084 1414 1136 cupio
1435 1092 1473 1124 et
1494 1085 1558 1124 uix
1575 1090 1641 1135 615

443 1149 648 1189 contineor
664 1165 673 1198 3

169 1229 206 1251 ιο
226 1214 296 1254 se'd
328 1228 409 1255 non
442 1214 618 1255 minuam
654 1217 786 1255 meum
822 1215 1054 1256 consilium:
1095 1230 1141 1256 ex
1173 1217 1246 1256 usu
1278 1216 1387 1267 quod
1417 1223 1484 1262 est,
1518 1214 1558 1254 id

442 1279 653 1332 persequar
673 1296 679 1318 :

225 1358 305 1385 non
327 1345 447 1385 credo
467 1359 513 1384 ea
532 1345 654 1396 gratizi
675 1346 892 1385 concordes
914 1345 1046 1397 magi&
1070 1346 1101 1385 si
1122 1346 1347 1393 redducam,
1372 1347 1463 1385 fore.

224 1412 312 1449 LA.
346 1409 520 1450 nescias:
552 1412 688 1450 uerum
710 1418 777 1450 tua
797 1425 837 1450 re
859 1412 930 1450 fert
951 1412 1018 1459 nil,
1040 1418 1169 1450 utrum
1191 1411 1302 1451 illaec
1323 1410 1495 1457 fecerint,

225 1476 386 1525 quaindo
406 1476 504 1514 haec
524 1475 658 1514 aberit.
718 1475 856 1515 odiosa
876 1477 974 1515 haec
995 1483 1053 1515 est
1073 1475 1178 1515 aetas
1199 1475 1517 1516 adulescentulis.

224 1539 244 1578 e'
267 1539 398 1580 medio
419 1553 588 1590 aequom
612 1540 799 1580 excedere
820 1548 878 1579 est
895 1556 901 1581 :
932 1540 1132 1592 postre'mo
1152 1555 1224 1581 nos
1245 1541 1323 1580 iarn
1344 1541 1476 1580 feibula
1574 1545 1644 1582 620

166 1616 203 1649 15
225 1617 370 1652 sumus,
395 1604 611 1655 Pamphile,
639 1608 778 1644 ‘senex
798 1605 917 1656 aitque
936 1608 1060 1645 anus.'

225 1671 294 1710 sed
315 1670 435 1710 uideo
457 1669 698 1722 Phidippum
721 1670 852 1722 egredi
874 1684 942 1722 per
963 1671 1118 1722 te'mpus
1136 1686 1142 1709 :
1172 1671 1420 1711 accedamus.

160 1781 206 1818 iv
347 1781 661 1819 PH1D1Pva
774 1781 995 1819 LACHEs
1108 1782 1438 1820 PAMPHILVS

224 1862 317 1900 PH.
351 1862 443 1902 Tibi
464 1875 624 1914 quoque
646 1863 788 1912 edepol
810 1876 897 1901 sum
919 1863 1048 1911 iratus,
1073 1862 1317 1910 Philumena,

223 1926 390 1977 grauiter
410 1927 572 1978 quidem
588 1942 598 1975 3
627 1941 719 1966 nam
741 1929 871 1966 hercle
893 1927 1076 1966 factumst
1096 1928 1166 1966 abs
1187 1935 1225 1967 te
1246 1927 1417 1979 turpiter.

223 1993 295 2031 ctsi
317 1992 386 2031 tibi
408 2001 562 2032 causast
583 1994 632 2033 de
654 1993 727 2032 hcic
749 2007 788 2032 re
806 2008 812 2031 :
845 2000 967 2032 mater
989 2000 1025 2031 te
1047 1993 1198 2044 inpulit.
1573 2001 1638 2047 625

222 2056 314 2096 huic
336 2057 430 2097 uero
451 2059 604 2097 nullast.
664 2060 751 2096 LA.
784 2059 1006 2110 opportune
1027 2057 1064 2096 te
1087 2057 1193 2103 mihi,

184 2134 200 2165 5
224 2122 432 2173 Phidippe,
456 2121 495 2161 in
518 2122 603 2175 ipso
625 2121 802 2174 tempore
824 2124 1010 2162 ostendis.
1055 2123 1163 2161 PH.
1196 2121 1291 2172 quid
1313 2124 1402 2161 est?

266 2226 331 2256 608
365 2224 562 2256 Fleckeisen:
595 2230 646 2256 est
672 2235 792 2266 sapere
816 2225 904 2257 codd.
1021 2225 1129 2265 possis
1147 2224 1301 2256 BCEFP
1490 2225 1554 2264 609

224 2268 416 2300 Fleckeisen:
442 2269 469 2299 si
496 2268 618 2300 seceris
640 2269 710 2300 sine
733 2270 819 2301 ultro
842 2268 930 2301 codd.
1103 2269 1168 2307 613
1192 2267 1378 2299 Dsialsko:
1403 2268 1482 2307 quid
1508 2268 1552 2298 ita

223 2313 308 2345 istuc
331 2312 364 2344 A
383 2323 389 2342 :
414 2313 494 2352 quid
512 2313 557 2344 ita
579 2313 664 2344 istuc
683 2313 734 2344 uis
751 2316 774 2345 Σ
944 2314 1004 2351 617
1030 2311 1214 2343 Dsiatzko:
1239 2312 1339 2344 credo
1357 2336 1364 2343 .
1384 2334 1392 2343 .
1415 2336 1421 2342 .
1441 2312 1467 2343 si
1486 2321 1553 2342 non

223 2357 405 2388 redducam
424 2356 512 2387 codd.
668 2357 733 2387 618
746 2356 889 2388 nescias
908 2366 982 2387 cum
1000 2353 1095 2387 BCD
1108 2355 1262 2388 Donatus
1281 2359 1310 2385 et
1327 2354 1496 2396 Ezcgmph.
1519 2355 1555 2385 t'n

222 2400 334 2432 [emm.
353 2411 360 2432 :
385 2400 501 2431 nescio
520 2402 585 2431 cett.
605 2410 681 2431 cum
699 2399 732 2430 A
855 2401 921 2430 620
947 2399 1059 2430 fabula
1074 2399 1200 2430 Faber:
1226 2399 1357 2432 fabulae
1374 2398 1462 2430 codd.
