1773 2750
760 95 1029 134 PHORMIO
1499 96 1546 132 V.
1568 95 1643 132 viii

232 209 337 248 hisce
357 210 430 259 e'go
450 209 554 247 illam
574 206 689 247 dictis
709 206 762 244 ita
782 205 852 244 tibi
874 204 1073 243 incensam
1095 205 1211 251 dabo,

143 282 208 319 975
230 280 271 311 ut
292 272 341 312 ne
361 272 585 322 restinguas,
607 269 788 309 laicrumis
810 268 841 307 si
863 268 1124 308 exstilla'tueris.

228 339 326 376 DE.
359 335 522 390 [malum
542 336 650 386 quod
670 334 733 373 isti
753 334 794 373 di
815 335 992 384 deaeque
1012 346 1149 372 omnes
1170 330 1314 385 duint.]
1361 340 1382 383 -ἒ

227 403 384 441 tantz'me
403 403 602 441 adfectum
623 399 865 450 quemquam
886 412 971 437 esse
990 398 1193 438 hominem
1213 397 1399 438 audzicia!

227 480 308 506 non
328 467 404 506 hoc
424 464 635 517 publicitus
657 463 784 503 scelus
805 463 897 502 hinc
916 463 1146 514 asportarier
1567 465 1607 505 85

228 531 266 569 in
289 532 389 570 solas
410 532 550 569 terras!
612 530 702 569 CH
735 530 775 567 in
795 528 835 568 id
855 530 1035 567 redactus
1057 531 1142 567 sum
1163 528 1238 568 loci

142 600 211 644 980
228 603 269 634 ut
289 597 384 646 quid
404 608 516 645 agam
538 608 627 633 cum
651 594 718 633 illo
739 593 912 633 ne‘sciam
933 606 1121 644 prorsum.
1179 594 1277 632 DE.
1311 593 1382 644 ego
1403 592 1506 631 scio:

229 660 267 699 in
288 660 346 699 ius
367 673 511 699 eamus.
571 661 663 698 PH
698 660 737 697 in
758 659 846 697 ius?
875 659 963 704 huc,
987 658 1018 696 si
1038 659 1133 708 quid
1154 659 1272 697 lubet.

231 726 319 764 CH
350 724 576 775 adsequere‚
601 723 734 770 retine,
758 724 854 763 dum
875 736 948 773 ego
969 724 1045 761 hue
1066 736 1199 762 seruos
1220 722 1358 762 euoco.

225 790 322 827 DE.
355 788 458 828 enim
480 788 635 839 ne'queo
656 790 784 827 solus:
815 788 988 828 aideurre.
1045 789 1139 826 ΡΗ
1171 801 1249 826 una
1268 787 1442 827 iniuriast
1565 807 1607 838 90

227 856 367 892 tecum.
453 855 550 892 DE.
601 855 685 904 lege
729 853 833 903 agito
880 866 982 903 ergo.
1058 854 1151 890 PH
1201 852 1355 891 alterast
1402 856 1543 900 tecum,

442 919 641 958 Chremes.

140 986 205 1030 985
229 984 319 1022 CH
351 996 441 1034 rape
462 984 579 1022 hune.
635 985 728 1022 PH
760 983 815 1021 sic
835 982 975 1032 agitis?
1005 982 1109 1020 e'nim
1130 995 1223 1022 uero
1244 982 1379 1022 uocest
1399 996 1497 1033 opus
1515 998 1521 1020 :

227 1048 483 1095 Nausistrata,
504 1047 574 1086 exi.
637 1049 728 1086 CH
761 1060 804 1086 os
825 1046 1001 1097 opprime
1022 1047 1229 1097 inpurum:
1259 1047 1351 1087 uide

225 1114 416 1162 quantum
455 1113 571 1151 ualet.
648 1113 740 1150 PH
785 1112 1037 1158 Nausistrata,
1079 1111 1251 1161 inquam.
1323 1113 1421 1150 DE.
1467 1113 1546 1150 non

440 1185 544 1216 taces
560 1178 576 1215 ?

224 1243 316 1280 PH
363 1242 542 1281 tacefim?
616 1242 713 1280 DE.
763 1241 836 1279 nisi
875 1241 1058 1291 sequitur,
1099 1244 1252 1292 pugnos
1290 1240 1329 1279 in
1369 1248 1545 1280 uentrem
1566 1256 1606 1288 95

439 1308 580 1356 ingere.

223 1372 315 1409 ΡΗ
348 1372 411 1410 uel
433 1372 590 1410 oculum
612 1372 817 1421 exsculpe:
849 1379 906 1410 est
927 1372 993 1410 ubi
1016 1385 1086 1410 uos
1107 1371 1271 1410 ulcisceir
1290 1372 1424 1422 probe.

300 1495 701 1534 NAUslsTRATA
815 1496 1087 1534 CHREMES
1200 1496 1468 1532 DEMIPHO
1565 1497 1610 1533 ix

754 1561 1020 1597 PHORMlo

138 1660 206 1695 990
225 1646 320 1684 NA.
351 1645 431 1694 Qui
451 1646 628 1685 nominat
650 1648 741 1685 me?
772 1647 874 1692 hem,
898 1646 995 1695 quid
1015 1644 1114 1683 istuc
1135 1645 1319 1692 turbaest‚
1343 1646 1517 1692 obsecro,

227 1709 278 1748 mi
314 1711 403 1748 u1'r?
457 1712 551 1750 ΡΗ
587 1712 712 1757 ehem,
750 1710 845 1760 quid
880 1723 986 1748 nunc
1026 1708 1278 1760 obstipuisti?
1332 1711 1427 1749 NA.
1461 1711 1548 1760 quis

439 1775 502 1813 hic
523 1776 679 1813 homost
695 1776 712 1812 ?

225 1852 305 1877 non
326 1838 421 1877 mihi
442 1840 684 1890 respondes?
740 1841 834 1878 ΡΗ
865 1839 995 1878 hicine
1017 1845 1059 1878 ut
1079 1838 1148 1878 tibi
1170 1839 1415 1889 respondeat,

225 1903 292 1953 qui
313 1905 442 1943 hercle
463 1904 530 1943 ubi
551 1903 599 1942 sit
619 1903 774 1943 nescit?
831 1904 921 1943 CH
949 1904 1046 1943 caiue
1063 1904 1125 1943 isti
1141 1903 1352 1955 quicquam
1369 1903 1544 1943 creduas.

225 1969 319 2007 ΡΗ
349 1968 423 2015 abi,
447 1968 585 2018 te'mge:
615 1968 646 2007 si
667 1982 746 2007 non
768 1969 872 2008 to'tus
893 1968 1013 2019 friget,
1038 1983 1099 2009 me
1121 1969 1242 2008 enica.
1565 1992 1579 2011 2

139 2040 203 2077 995
227 2033 317 2071 CH
349 2032 402 2070 nil
434 2032 501 2071 est.
560 2034 654 2072 NA.
701 2032 795 2083 quid
827 2034 947 2083 ergo?
987 2034 1082 2084 qurd
1117 2033 1202 2072 istic
1238 2035 1393 2072 narrat?
1449 2036 1540 2072 ΡΗ.

437 2097 513 2136 isim
535 2097 655 2136 scies:

223 2163 409 2201 ausculta.
471 2163 560 2202 CH
591 2162 724 2213 pergin
746 2162 932 2201 credere?
987 2164 1081 2202 NA.
1115 2163 1210 2213 quid
1231 2177 1304 2214 ego
1326 2165 1490 2203 obsecro

183 2242 219 2286 V
267 2264 332 2302 976
349 2274 418 2294 uero
413 2274 480 2294 um
497 2275 535 2295 ex
544 2264 654 2296 Plaut.
670 2263 764 2295 Most.
783 2265 846 2304 655
862 2269 1037 2305 sumptum
1054 2266 1121 2297 lure
1136 2266 1299 2307 erpellnnt
1314 2267 1384 2298 cdd
1478 2269 1542 2308 989

215 2295 446 2381 {Jecggpecgzd
463 2307 602 2339 exclude
620 2312 662 2340 Σ;
688 2308 798 2340 exlide
816 2308 987 2340 Fleckeisen
1127 2319 1191 2350 993
1216 2310 1357 2342 creduas
1373 2310 1406 2341 Γ
1401 2321 1539 2343 aet-nus:
