1773 2750
161 134 205 170 V.
229 132 304 171 viii
645 137 684 172 P.
717 136 969 173 TERENTI
1001 137 1132 174 AFRI

169 256 205 288 15
225 243 387 283 ilhirnne
408 244 474 295 qui
502 244 598 284 mihi
625 244 734 284 dedit
761 245 969 284 consilium
997 254 1039 285 ut
1066 247 1244 296 fzicerem,
1267 261 1316 286 an
1338 261 1401 287 me
1421 247 1489 299 qui
1509 247 1550 288 id
1572 257 1656 294 1043

438 312 556 349 amisus
577 310 649 348 sim

224 370 406 422 incipere,
428 385 479 410 an
499 372 694 411 fortunzim
716 374 968 421 conlaudem,
988 373 1088 423 quae'
1108 374 1357 423 gubernatrix
1377 374 1459 422 fuit,

224 449 326 486 quae
346 437 403 475 ῖόῑ
423 449 483 476 res
504 444 631 476 tantas
652 444 731 475 tam
753 438 975 488 6pportune
996 437 1035 475 in
1056 440 1179 476 tinum
1200 440 1393 478 conclusit
1413 439 1530 487 diem,

223 514 274 539 an
295 502 373 540 mei
392 501 511 551 patris
531 501 784 541 festiuitatem
805 510 843 541 et
864 502 1121 542 facilitatem?
1149 516 1173 541 o
1195 503 1386 554 hippiter,

225 579 336 605 serua
357 566 522 606 6bsecr0
542 568 640 606 haec
661 568 766 606 bona
786 567 900 606 n<5bis
920 571 927 606 Ξ

162 683 208 720 ix
246 682 545 719 PHAEDRlA
630 682 900 722 CHAEREA
983 684 1213 721 THRASO
1296 684 1534 722 GNATHO

759 770 853 807 ΡΗ
887 769 939 807 Di
960 770 1132 808 nostraim
1153 771 1286 818 fidem,
1307 770 1552 810 incredibilia

164 845 203 867 20
225 832 420 872 Pairmeno
459 834 581 872 modo
619 832 721 883 quae
760 833 939 872 narrauit.
999 834 1070 873 sed
1104 834 1208 873 ubist
1246 836 1388 874 frater?
1458 837 1548 875 CH.
1573 842 1663 879 1050

438 897 595 947 praesto
619 899 742 937 adest.

222 964 316 1002 ΡΗ
348 964 514 1013 gafideo.
577 964 668 1002 CH.
701 963 792 1002 satis
814 963 944 1003 credo.
1002 964 1058 1002 nil
1078 971 1136 1003 est
1152 965 1307 1004 Thaiide
1323 966 1406 1013 hac,
1425 965 1550 1013 frater,

440 1036 507 1067 tua

223 1092 379 1143 dignius
401 1093 510 1143 quod
530 1092 706 1132 ame'tur:
736 1093 790 1133 ita
810 1101 966 1134 nostrae
988 1094 1133 1134 6mnist
1154 1095 1294 1134 fautrix
1313 1095 1492 1135 faimiliae.

222 1160 316 1196 ΡΗ
349 1157 446 1196 mihi
467 1158 572 1197 illam
593 1160 762 1198 laudas?
824 1161 912 1199 ΤΗ
944 1159 1052 1211 perii,
1068 1168 1217 1211 quanto
1241 1162 1371 1200 minus
1396 1161 1479 1212 spei
1495 1169 1554 1200 est

438 1231 548 1262 tanto
569 1224 692 1274 magis
712 1238 814 1263 arno.

223 1288 399 1336 dbseero,
430 1290 602 1337 Gnatho,
635 1290 674 1327 in
708 1297 746 1328 te
778 1303 866 1340 spes
901 1296 970 1329 est.
1034 1291 1128 1330 GN.
1160 1291 1256 1341 quid
1290 1290 1350 1329 uis
1381 1290 1554 1329 faciam?

445 1355 533 1395 ΤΗ
565 1353 709 1404 perfice
730 1355 806 1393 hoc

165 1429 201 1462 ²5
222 1417 404 1468 precibus
434 1418 570 1469 pretio,
602 1427 645 1458 ut
674 1418 856 1458 haeream
887 1418 926 1458 in
956 1427 1065 1470 parte
1096 1419 1228 1470 aliqua
1256 1421 1417 1460 tandem
1446 1421 1553 1472 apud
1574 1431 1660 1468 1055

438 1485 474 1521 T
477 1484 648 1523 haidem.

227 1549 321 1588 GN.
353 1547 558 1587 difficilest.
624 1550 712 1587 ΤΗ
745 1548 775 1587 si
803 1549 898 1599 quid
929 1548 1227 1598 conlubitumst,
1248 1549 1342 1589 n6ui
1370 1557 1418 1589 te.
1477 1551 1554 1588 hoc

438 1612 471 1651 si
491 1612 679 1661 effeceris,

223 1677 393 1729 qu6duis
414 1679 566 1717 donum
587 1678 804 1729 praemium
825 1693 848 1718 a
868 1693 931 1718 me
947 1680 1107 1730 optzito:
1137 1679 1177 1719 id
1193 1687 1371 1730 optatum
1387 1681 1549 1719 adferes.

227 1745 321 1783 GN.
353 1745 487 1782 itane?
550 1745 637 1782 ΤΗ
670 1744 725 1782 sie
746 1745 827 1783 erit.
890 1746 984 1784 GN.
1017 1745 1048 1783 si
1069 1745 1196 1784 efficio
1221 1747 1309 1793 hoc,
1332 1747 1489 1796 pdstulo
1510 1754 1551 1784 ut

439 1808 535 1846 mihi
556 1811 623 1847 nia
643 1810 787 1848 domus

222 1873 260 1912 te
281 1882 485 1924 praesente
505 1873 669 1912 absente
689 1882 831 1924 pateat,
856 1875 1042 1913 inuocato
1063 1883 1104 1913 ut
1125 1876 1173 1913 sit
1194 1877 1304 1914 locus

162 1954 202 1985 30
222 1938 385 1989 semper.
451 1941 538 1977 ΤΗ
571 1941 624 1978 do
658 1939 778 1978 fide'm
812 1941 997 1979 futurum.
1060 1942 1154 1980 GN.
1190 1942 1385 1991 adcingar.
1454 1942 1547 1979 ΡΗ
1573 1940 1662 1975 1060

438 2017 555 2054 quem
577 2018 650 2054 ego
671 2004 734 2043 hic
754 2005 906 2044 addio?

222 2070 246 2108 6
271 2070 433 2107 Thraso.
499 2070 587 2107 ΤΗ
619 2069 777 2108 saluete.
836 2071 930 2108 ΡΗ
963 2078 1003 2109 tu
1035 2071 1196 2109 sortzisse
1225 2083 1326 2120 quae
1356 2071 1457 2108 facta
1486 2071 1550 2108 hic

437 2133 537 2172 sient
1056 2178 1060 2180 ,

221 2198 359 2238 nescis.
435 2200 523 2237 ΤΗ
556 2198 648 2237 scio.
720 2201 813 2237 ΡΗ
846 2213 945 2249 quor
978 2199 1069 2250 ergo
1103 2199 1142 2237 in
1177 2199 1237 2238 his
1271 2207 1310 2238 te
1343 2199 1551 2250 cc'mspicor

435 2263 692 2314 regic'mibus?

270 2377 353 2406 1049
374 2370 447 2406 post
473 2368 569 2398 nobis
601 2379 689 2398 noua
726 2378 840 2398 scaena
877 2368 985 2408 incipit
1022 2368 1055 2398 in
1095 2368 1200 2400 CFP:
1251 2369 1445 2400 continuant
1483 2373 1547 2400 cett.

228 2412 309 2440 1062
335 2410 526 2443 Fleckeisen:
552 2421 634 2450 ergo
652 2411 720 2451 (uel
735 2416 767 2441 te
785 2412 882 2452 ergo)
902 2412 935 2441 in
954 2412 1005 2442 his
1023 2422 1086 2451 ego
1102 2412 1188 2443 codd.
