1773 2750
772 135 1005 173 HECYRA
1271 147 1276 151 ·
1466 137 1541 173 ΙΙΙ.
1564 136 1609 173 iii

225 248 363 299 partim
384 261 483 298 quae
504 244 680 297 perspexi
700 244 807 284 hisce
827 243 962 289 oculis,
985 243 1124 293 peirtim
1148 243 1301 293 percepi
1322 244 1479 283 auribus
1496 259 1502 282 :

224 313 301 363 quai
322 326 384 351 me
404 319 560 362 propter
579 309 842 348 exanimatum
864 307 976 346 citius
997 308 1114 347 eduxi
1133 308 1246 346 foras.

139 385 203 429 365
224 378 315 415 mim
336 377 457 415 modo
477 375 577 413 intro
598 386 660 412 me
680 375 723 411 iit
742 371 910 422 corripui
931 371 1102 417 timidus,
1124 371 1202 410 alio
1222 371 1424 422 suspicans
1560 384 1578 416 5

224 442 363 480 morbo
384 453 446 478 me
467 438 640 477 uisurum
660 438 855 476 adfectam
871 449 917 474 ac
933 435 1036 475 sensi
1052 449 1137 474 esse
1154 449 1312 474 uxorem
1330 452 1336 474 :
1369 437 1404 474 ei
1425 435 1519 473 mihi
1536 438 1543 473 1

223 506 430 556 postquam
454 516 517 541 me
536 500 719 553 aspexere
739 500 913 547 ancillae,
937 499 1145 538 aduenisse
1165 513 1303 538 ornnes
1325 499 1414 538 ilico

223 571 337 608 simul
357 569 575 608 exclamant
594 566 728 612 laetae,
752 565 793 604 id
814 565 921 615 quod
943 563 1005 603 me'
1026 563 1238 615 derepente
1258 564 1498 615 aspexerant.

223 634 293 673 sed
313 632 502 672 continuo
523 632 674 670 uoltum
695 643 829 669 earum
851 629 954 668 sensi
974 629 1157 667 inmutari
1179 629 1370 678 omnium,

137 714 205 748 370
223 699 314 748 quia
334 705 413 735 tarn
434 696 687 734 incommode
708 694 781 734 sslis
802 696 879 733 fors
900 695 1094 733 obtulerat
1115 694 1332 733 aduentum
1354 707 1496 733 meum.
1565 707 1603 730 10

223 765 301 801 una
321 761 472 800 illarum
494 760 640 799 interea
661 773 825 811 propere
845 758 1108 810 praecucurrit
1127 758 1312 797 nuntians

223 826 285 865 me'
306 825 460 865 uenisse
477 841 483 863 :
513 838 586 875 ego
605 826 688 864 eius
709 824 873 863 uidendi
893 823 1060 874 cupidus
1081 831 1186 862 recta
1205 824 1436 874 consequor.

223 892 431 942 postquam
471 890 572 929 intro
610 889 766 937 adueni,
803 888 1000 939 e'xternplo
1037 888 1120 927 eius
1159 889 1341 927 morbum
1377 888 1546 938 cognoui

438 955 554 993 miser
572 969 582 1002 3

223 1021 313 1059 naim
335 1034 464 1070 neque
484 1028 526 1058 ut
546 1019 661 1058 celziri
681 1026 813 1070 posset
834 1018 989 1069 tempus
1010 1018 1178 1068 spatium
1200 1020 1322 1056 ullum
1343 1019 1462 1057 dabat

137 1101 179 1136 37
186 1101 202 1138 5
224 1085 353 1136 ne'que
373 1099 472 1124 uoce
492 1084 567 1123 alia
587 1098 632 1123 ac
654 1083 714 1123 res
734 1084 922 1123 monebat
943 1085 1027 1133 ipsa
1047 1090 1198 1133 poterat
1218 1082 1416 1133 conqueri.
1566 1098 1603 1129 15

223 1151 432 1200 postquam
462 1149 606 1200 aspexi,
631 1152 677 1187 ‘o
698 1147 848 1187 fzicinus
875 1147 1103 1198 indignum⁷
1125 1149 1285 1197 inquam
1313 1154 1351 1185 et
1377 1146 1545 1197 corripui

439 1214 528 1252 ilico

224 1293 287 1318 me
308 1280 400 1318 inde
421 1280 652 1325 lacrumans,
676 1277 895 1317 incredibili
916 1291 955 1316 re
976 1278 1093 1327 aitque
1116 1277 1236 1315 atroci
1257 1276 1436 1326 percitus.

227 1344 349 1382 maiter
368 1342 644 1394 consequitur:
676 1342 752 1381 iam
773 1350 816 1381 ut
836 1341 955 1381 limen
977 1341 1158 1389 exieram,
1178 1342 1229 1380 ad
1251 1354 1379 1391 genua
1398 1340 1541 1379 aiccidit

224 1408 444 1446 leicrumans
474 1407 638 1447 misera:
680 1406 941 1446 miseritumst.
1006 1406 1181 1457 profecto
1211 1407 1287 1445 hoc
1317 1405 1372 1444 sic
1401 1412 1472 1452 est,
1505 1407 1547 1443 ut

437 1481 534 1522 puto
553 1488 559 1510 :

136 1545 205 1589 380
224 1537 409 1576 omnibus
438 1537 554 1575 nobis
583 1539 625 1575 iit
654 1549 714 1575 res
744 1537 839 1575 dant
868 1549 964 1583 sese,
987 1536 1039 1574 ita
1069 1534 1200 1585 magni
1229 1543 1347 1585 atque
1377 1534 1544 1574 humile's
1566 1549 1604 1571 20

437 1615 583 1640 sumus.

223 1666 324 1705 haine
345 1666 489 1705 habere
510 1665 725 1705 oreitionem
748 1665 906 1704 mecum
926 1664 1120 1715 principio
1141 1664 1278 1703 institit
1297 1679 1304 1702 ε

225 1734 234 1751 ‘'
250 1732 273 1769 ό
295 1731 347 1769 mi
368 1731 584 1781 Pamphile,
607 1731 676 1769 eibs
697 1738 735 1770 te
759 1744 878 1781 quam
906 1731 959 1769 ob
986 1743 1067 1768 rem
1096 1731 1193 1769 haec
1223 1729 1359 1768 :ibierit
1389 1730 1546 1768 causc'tm

436 1795 547 1834 uides
562 1810 572 1843 3

223 1861 314 1899 naim
335 1860 513 1899 uitiumst
534 1861 711 1900 oblzitum
732 1860 872 1910 uirgini
893 1859 987 1899 olim
1007 1860 1058 1899 ab
1079 1859 1212 1898 nescio
1233 1873 1313 1910 quo
1334 1860 1512 1910 inprobo.

224 1918 328 1964 nijnc
348 1926 425 1963 huc
446 1926 633 1975 confugit,
657 1933 695 1964 te
715 1932 833 1975 atque
852 1924 949 1963 alios
970 1925 1123 1975 peirtum
1145 1932 1186 1963 ut
1206 1924 1347 1963 celaret
1368 1926 1506 1963 suom.‘

136 1992 200 2036 385
222 1989 291 2029 sed
321 2003 441 2040 quom
472 1997 579 2028 orata
608 1989 723 2028 huius
752 1988 989 2036 reminiscor,
1021 1988 1177 2039 nequeo
1206 1988 1301 2039 quin
1330 1988 1542 2027 lacrumem
1564 2001 1601 2033 ²5

437 2057 563 2082 miser.

265 2148 329 2186 363
357 2146 515 2187 Wagner:
545 2157 631 2187 quae
655 2146 792 2186 percepi
815 2146 848 2177 A
868 2158 874 2177 :
898 2157 984 2186 quae
1007 2146 1123 2186 accepi
1143 2149 1167 2178 Σ
1299 2147 1362 2186 365
1387 2146 1476 2177 intro
1494 2156 1546 2177 me

224 2195 259 2220 ut
284 2194 330 2221 Σ;
366 2200 419 2220 me
442 2191 531 2221 intro
555 2194 634 2230 (om.
663 2192 714 2229 ut)
737 2191 770 2221 A
934 2192 996 2229 367
1022 2187 1174 2229 Bentley:
1211 2190 1287 2221 ilico
1309 2200 1426 2221 omnes
1454 2190 1542 2221 codd.

223 2235 287 2272 368
312 2233 504 2264 Fleckeisen:
544 2234 644 2264 simul
676 2235 785 2265 laetae
818 2233 1008 2264 exclamant
1042 2233 1176 2272 ‘venit,'
1203 2234 1236 2265 id
1260 2233 1348 2273 quod
1373 2244 1426 2264 me
1451 2234 1544 2264 dere-

224 2281 327 2316 pente
357 2276 581 2308 BCDOEFP:
615 2287 667 2308 me
695 2282 837 2317 repente
870 2287 946 2307 cum
976 2280 1040 2308 cett.
1069 2276 1222 2307 Donatus
1361 2287 1422 2316 371
1450 2286 1546 2316 prae-

224 2320 369 2350 cucurrit
388 2330 462 2350 cum
477 2320 509 2350 Β
524 2320 737 2352 Fascianus:
762 2321 949 2360 praecurrit
960 2323 1023 2351 cett.
1104 2320 1168 2358 378
1193 2322 1340 2350 exieram
1364 2320 1546 2352 th‘atzko:

224 2362 354 2393 exirem
379 2362 466 2395 codd.
489 2375 496 2394 :
531 2364 662 2395 exibam
694 2363 868 2404 Lademg:
911 2364 964 2394 ubi
997 2363 1098 2394 limen
1131 2368 1227 2394 extra
1253 2373 1345 2394 eram
1373 2363 1547 2395 Fleckeisen

224 2407 286 2444 385
311 2406 408 2437 huius
428 2407 481 2438 A:
511 2407 582 2438 eius
602 2411 625 2438 Σ
