1773 2750
187 116 253 153 I.i
658 111 698 147 P.
731 109 983 147 TERENTI
1016 109 1148 146 AFRI

748 369 984 417 ACTVS
1037 368 1055 414 I

561 486 860 523 PHAEDRIA
971 484 1244 520 PARMl-:No

241 592 333 629 PH
366 589 475 639 Quid
496 588 609 640 igitur
629 588 798 627 faciam?
827 587 907 626 non
929 600 1015 625 eam
1037 600 1086 625 ne
1106 588 1212 625 minc
1233 585 1394 636 quidem

239 668 361 705 quom
380 654 557 694 accersor
576 654 706 692 ultro?
734 665 783 690 an
805 651 934 702 potius
955 651 1008 689 ita
1028 664 1091 689 me
1111 651 1347 701 comparem,

239 733 319 758 non
340 718 489 770 perpeti
510 718 757 757 meretricum
778 715 1065 754 contumelias?

239 784 424 831 excliisit;
454 790 635 822 reuocat:
665 781 852 820 redeam?
881 794 972 827 non,
996 780 1027 818 si
1048 794 1110 818 me
1131 780 1319 818 obsecret.

196 863 212 894 5
238 851 325 887 ΡΑ.
359 848 553 898 siquidem
574 846 703 885 he'rcle
723 845 860 896 possis,
883 846 937 882 nil
957 844 1061 895 prius
1082 857 1210 894 neque
1231 843 1376 883 fortius.

236 914 374 951 uerum
396 912 427 950 si
449 911 612 961 incipies
633 909 762 960 neque
783 909 991 959 pertendes
1010 908 1187 958 gnauiter

232 985 362 1027 atque,
386 976 454 1015 tibi
478 975 557 1027 pati
578 988 658 1013 non
680 973 835 1025 poteris,
861 986 982 1023 quom
1003 986 1121 1011 nemo
1141 972 1305 1023 expetet,

232 1041 375 1079 infe'cta
396 1054 493 1091 pace
518 1041 619 1079 ultro
641 1039 691 1078 aid
712 1052 798 1077 eam
820 1037 955 1077 uenies
977 1037 1153 1076 indicans

232 1114 269 1144 te
289 1105 419 1143 amare
444 1112 481 1144 et
503 1106 601 1143 ferre
624 1104 705 1142 non
728 1116 866 1153 posse:
897 1109 1075 1148 actumst,
1099 1101 1215 1150 ilicet,

173 1185 213 1207 10
231 1170 384 1220 peristi:
416 1170 558 1215 eludet,
585 1168 652 1207 tibi
676 1175 714 1207 te
736 1168 884 1206 uictum
908 1166 1079 1205 senserit.

230 1234 342 1284 proin
363 1236 415 1280 tu,
440 1235 535 1272 dum
559 1241 616 1271 est
640 1240 805 1283 tempus,
833 1231 948 1270 etiam
971 1239 1088 1281 atque
1109 1230 1226 1269 etiam
1247 1229 1384 1280 cogita,

229 1313 314 1338 ere:
345 1298 446 1349 quae
467 1312 526 1337 res
548 1298 587 1336 in
610 1311 650 1336 se
673 1296 802 1347 ne'que
826 1295 1032 1335 consilium
1054 1294 1184 1345 neque
1205 1296 1369 1334 modum

228 1364 348 1402 habet
369 1365 505 1411 ullum,
530 1376 617 1402 eam
641 1361 806 1401 consilio
828 1374 958 1411 regere
980 1361 1060 1399 non
1080 1367 1203 1410 potes.

230 1428 270 1466 in
290 1429 423 1467 amore
444 1429 542 1467 haec
568 1427 701 1466 omnia
724 1428 855 1465 insunt
877 1425 994 1464 uitia:
1025 1424 1196 1471 iniuriae,

173 1508 209 1539 ¹5
231 1493 483 1543 suspiciones,
514 1492 750 1540 inimicitiae,
776 1491 961 1538 indutiae,

230 1558 387 1605 bellum,
411 1571 486 1608 pax
509 1570 661 1595 rursum
680 1573 686 1595 :
720 1555 866 1595 ince'rta
888 1558 984 1595 haec
1006 1556 1037 1594 si
1058 1563 1099 1595 tu
1118 1556 1293 1607 postules

227 1622 377 1661 ratione
397 1629 501 1661 certa
526 1622 662 1668 facere,
691 1620 814 1659 nihilo
836 1622 923 1670 plus
943 1634 1034 1671 agas

226 1701 346 1738 quam
366 1688 398 1725 si
418 1688 487 1726 des
513 1699 673 1737 operam
700 1693 742 1724 ut
764 1688 854 1724 cum
877 1685 1027 1724 ratione
1048 1684 1228 1724 insanias.

225 1760 264 1791 et
284 1752 393 1802 quod
414 1765 520 1790 nunc
543 1758 626 1789 tute
652 1750 783 1789 tecum
805 1750 923 1789 iratus
945 1750 1091 1800 cogitas

1585 856 1630 891 50

1588 1176 1628 1213 55

170 1832 209 1854 20
226 1820 236 1837 ‘
251 1831 352 1867 egon
374 1818 490 1864 illam,
514 1830 615 1867 quae
638 1816 758 1863 illum,
781 1815 882 1866 quae
899 1829 973 1863 me,
996 1829 1096 1866 quae
1117 1828 1197 1854 non
1214 1845 1221 1853 .
1241 1845 1248 1853 .
1268 1845 1275 1852 .
1295 1816 1301 1852 !
1331 1814 1415 1854 sine
1431 1815 1563 1862 modo,
1584 1813 1626 1858 65

227 1884 326 1921 mori
346 1896 408 1921 me
431 1882 564 1920 malim
584 1897 591 1920 :
627 1881 767 1921 sentiet
790 1881 857 1932 qui
878 1883 936 1920 uir
956 1880 1053 1920 siem
1067 1882 1098 1919 ’z

225 1949 322 1986 haec
343 1947 463 1986 uerba
485 1961 527 1985 ea
551 1960 630 1986 una
655 1947 851 1987 mehercle
872 1948 966 1985 falsa
986 1946 1186 1985 lacrimula

225 2025 344 2062 quam
365 2012 500 2051 oculos
529 2013 692 2051 terendo
717 2013 855 2050 misere
875 2011 940 2049 uix
960 2010 999 2049 ui
1019 2009 1258 2061 expresserit,

225 2079 446 2128 restinguet,
474 2086 512 2117 et
535 2086 573 2117 te
597 2079 698 2117 ultro
719 2076 930 2122 accusabit,
953 2075 991 2114 e't
1011 2075 1123 2114 dabis

168 2156 205 2188 25
224 2144 326 2181 ultro
349 2144 385 2181 ei
411 2142 657 2194 supplicium.
718 2143 811 2180 PH.
843 2139 900 2193 [o]
922 2140 1126 2190 indignum
1143 2139 1316 2179 facinus!
1346 2140 1452 2178 nunc
1472 2151 1545 2189 ego
1582 2144 1628 2179 70

226 2215 264 2246 et
287 2208 392 2246 illam
420 2210 625 2247 scelestam
647 2220 731 2246 esse
753 2206 790 2245 et
811 2219 874 2244 me
895 2205 1079 2244 miserum
1100 2203 1249 2243 se'ntioz

277 2326 318 2363 67
344 2335 383 2355 ea
401 2323 479 2354 add.
500 2323 630 2363 Bentley
807 2332 847 2361 70
872 2321 957 2352 ultro
974 2321 1003 2351 ei
1020 2319 1168 2361 Bentley:
1196 2320 1226 2352 ei
1244 2319 1331 2352 ultro
1349 2319 1436 2351 codd.

236 2368 363 2399 seclusit
380 2367 554 2398 Fleckeisen

1545 2332 1563 2349 O
