1773 2750
136 99 183 134 V.
203 97 280 133 viii
628 97 668 132 P.
700 95 953 132 TERENTI
985 95 1116 131 AFRI

204 222 253 246 ne
275 208 402 247 fzicias.
464 209 555 246 ΡΗ
588 208 650 253 oh,
674 214 768 245 tune
789 208 819 245 1's
840 208 954 245 eras?
1009 208 1107 244 DE.
1140 214 1181 244 ut
1202 207 1317 245 ludos
1337 207 1450 246 facit!
1548 217 1614 253 945

208 275 296 312 CH.
334 273 497 311 missiim
529 280 566 311 te
597 271 772 311 facimus.
843 273 936 310 ΡΗ
974 271 1139 310 fabulae.
1213 272 1303 310 CH.
1341 271 1437 322 quid
1471 273 1530 310 uis

418 337 520 376 tibi?

203 402 408 453 argentum
429 404 537 453 quod
558 403 680 441 habes
702 402 976 442 condonamus
998 409 1045 441 te.
1105 403 1199 441 PH.
1231 401 1360 441 aridio.

145 479 183 512 55
204 468 299 518 quid
320 469 392 507 uos
413 469 560 506 malum
581 481 671 518 ergo
692 467 755 506 me
776 467 831 506 sic
851 466 1108 506 ludificeimini

203 533 326 583 ine'pti
346 540 478 572 uostra
498 532 635 583 piierili
657 531 953 571 iriconstzintia?

203 598 297 637 nolo
318 599 435 645 u0103
465 599 557 636 uolo
579 597 671 636 nolo
692 610 843 635 rursum
861 611 870 644 ;
899 596 995 647 cepe
1015 597 1140 644 cedo,
1548 595 1618 630 950

202 663 311 712 quod
332 663 482 701 dictum
503 661 757 709 indictumst3
787 662 895 712 quod
917 663 1040 700 modo
1060 669 1185 700 ratum
1207 668 1287 700 erat
1308 660 1513 698 inritumst.

204 728 295 766 CH.
328 741 408 777 quo
429 727 546 778 peicto
565 734 632 766 aut
653 728 759 766 unde
780 726 844 765 hic
866 728 962 765 hae'c
984 726 1172 765 resciuit?
1227 727 1326 764 DE.
1358 724 1491 763 ne'scio
1508 739 1516 771 ζ,

142 799 183 829 60
203 791 277 830 nisi
298 791 361 831 me
382 792 525 831 dixisse
545 791 694 831 nemini
715 792 822 830 certo
843 791 936 830 scio.

206 857 294 896 CH.
327 856 502 903 monstri,
526 857 577 894 ita
598 869 660 894 me
681 855 721 894 di
747 863 892 903 ament,
916 855 1051 894 simile.
1110 857 1203 894 ΡΗ
1236 855 1351 894 inieci
1372 858 1528 907 scrtipu-

416 921 509 959 lum.
567 921 666 958 DE.
699 921 801 966 hem,

201 984 331 1024 hicine
352 992 394 1023 ut
413 998 436 1023 a
456 984 571 1024 nobis
592 985 668 1024 hoc
689 992 841 1023 tantum
862 985 1010 1036 argenti
1031 987 1178 1025 adferat
1547 989 1612 1025 955

201 1057 280 1088 tam
302 1049 434 1100 aperte
455 1049 628 1088 inridens
645 1052 661 1088 ?
691 1049 812 1089 e'mori
833 1052 964 1090 hercle
985 1051 1104 1090 sattius
1125 1059 1192 1091 est.

201 1114 335 1154 animo
355 1114 455 1153 uirili
475 1115 749 1165 praesentique
770 1123 812 1154 ut
833 1117 883 1154 sl's
904 1130 1005 1166 para.

141 1178 182 1221 65
202 1179 312 1219 uides
334 1187 444 1219 tuom
465 1179 671 1230 peccatum
693 1193 778 1219 esse
799 1182 944 1219 elattim
965 1182 1067 1220 foras

201 1258 331 1295 neque
351 1244 428 1283 iam
449 1245 489 1284 id
510 1246 636 1284 celare
656 1244 771 1296 posse
793 1253 830 1284 te
850 1246 1010 1285 uxorem
1033 1253 1163 1285 tuam:

200 1323 306 1348 nunc
327 1311 436 1360 quod
456 1310 540 1361 ipsa
560 1324 606 1349 ex
625 1310 709 1349 aliis
730 1310 911 1350 additura
930 1313 992 1359 sl't,
1014 1313 1216 1358 Chremes
1546 1312 1615 1354 960

200 1374 240 1413 id
261 1375 416 1414 nosmet
437 1374 610 1414 indicare
632 1376 861 1426 placabilius
882 1384 950 1415 est.

201 1446 283 1477 tum
306 1440 412 1478 hunc
433 1441 656 1490 inpuratum
678 1440 893 1490 poterimus
915 1443 1049 1481 nostro
1071 1444 1192 1482 modo

143 1519 181 1550 70
201 1502 346 1542 ulcisci.
404 1506 498 1542 ΡΗ
530 1512 682 1553 atattat,
702 1504 775 1543 nisi
797 1505 850 1543 mi
871 1507 1079 1557 prospicio,
1102 1507 1255 1546 haereo.

200 1566 240 1605 hi
259 1567 491 1618 gladiatorio
511 1569 644 1608 &inimo
664 1571 715 1608 ad
736 1583 799 1609 me
820 1571 1019 1610 adfectant
1039 1571 1156 1610 uiam.

204 1633 293 1672 CH.
325 1640 364 1672 at
384 1633 521 1673 ue'reor
540 1642 583 1673 ut
602 1635 747 1685 placziri
767 1635 900 1686 possit.
959 1638 1058 1675 DE.
1091 1638 1199 1676 bono
1218 1637 1352 1676 animo
1372 1651 1413 1677 es
1432 1653 1439 1676 2
1543 1642 1610 1687 965

199 1710 273 1747 ego
293 1697 466 1748 redigam
487 1712 558 1737 uos
578 1698 619 1737 in
638 1699 813 1750 gratiam,
836 1702 912 1740 hoc
933 1702 1063 1749 frenis,
1088 1702 1288 1748 Chremes,

201 1775 323 1811 quom
343 1776 365 1801 e
385 1762 519 1803 medio
539 1764 704 1803 excessit
725 1766 832 1805 finde
854 1767 951 1805 haec
971 1767 1189 1817 susceptest
1210 1766 1292 1805 tibi.

143 1831 181 1867 75
201 1828 293 1865 ΡΗ
326 1827 406 1866 itan
427 1828 538 1879 &gitis
559 1843 715 1869 mecum
732 1832 749 1869 ?
780 1831 871 1870 saitis
891 1839 1018 1871 astute
1037 1831 1308 1882 adgredimini.

200 1905 280 1931 non
301 1893 430 1932 hercle
451 1908 497 1933 ex
517 1908 557 1934 re
577 1894 687 1935 istius
710 1910 773 1935 me
794 1896 994 1948 instigasti,
1020 1897 1230 1948 Demipho.

198 1955 262 1994 ain
284 1959 354 1995 tu?
384 1958 450 1997 ribi
471 1972 572 2009 quae
593 1961 761 2000 lubitum
782 1962 895 2001 frierit
916 1976 1074 2013 peregre
1094 1962 1230 2002 feceris
1541 1973 1610 2008 970

198 2035 327 2072 neque
348 2024 463 2062 huius
484 2024 534 2063 sis
556 2026 701 2065 ueritus
723 2027 891 2066 feminae
912 2027 1128 2077 primariae,

199 2086 293 2136 quin
315 2089 421 2127 no'uo
442 2091 564 2130 modo
585 2096 622 2130 e'1'
641 2092 788 2131 fe'tceres
808 2092 1099 2139 contumeliam,

137 2158 178 2189 80
198 2152 332 2192 uenizis
352 2167 458 2193 nunc
480 2156 660 2206 precibus
681 2158 830 2196 latitum
852 2161 1058 2207 peccatiim
1080 2160 1219 2197 tuom?

239 2266 304 2298 949
329 2258 556 2290 inconstantia
583 2260 778 2292 Fleckeisen:
814 2262 983 2292 sententia
1011 2260 1097 2293 codd.
1230 2271 1289 2302 951
1317 2266 1390 2292 erat
1413 2266 1519 2293 ratum

193 2300 308 2332 codd.:
348 2305 470 2343 transp.
498 2302 670 2334 Fleckeisen
825 2305 890 2343 958
915 2309 1087 2344 peccatum
1119 2310 1211 2336 tuum
1244 2304 1354 2336 codcl:
1394 2309 1516 2346 transp.

195 2344 325 2384 Bentley
445 2348 509 2384 960
533 2347 689 2378 auditura
705 2348 748 2379 sit
766 2350 811 2379 2:
841 2348 1028 2379 auditumst
1047 2348 1079 2378 A
1202 2350 1266 2388 963
1290 2353 1406 2380 atattat
1422 2349 1518 2380 Bent-

196 2387 241 2426 ley
258 2399 264 2418 :
287 2392 370 2420 attat
387 2388 475 2421 codd.
