1773 2750
168 139 236 176 IV.
258 139 303 175 iii
647 140 686 175 P.
720 139 971 176 TERENTI
1003 140 1137 176 AFRI

230 249 303 287 sibi
324 249 406 287 fieri
428 249 607 287 iniuriam
630 251 740 297 ultro,
764 249 794 287 si
815 262 934 299 quam
956 249 1081 288 fecere
1102 249 1174 300 ipsi
1195 251 1428 300 expostules,
1577 255 1641 292 595

189 328 207 360 5
229 322 267 353 et
298 317 398 354 ultro
435 322 632 355 accusant.
705 316 745 354 id
779 314 872 365 quia
904 328 985 353 non
1022 322 1080 353 est
1117 315 1140 353 a
1177 328 1241 354 me
1279 316 1435 361 factum,
1475 315 1557 364 agis

441 380 610 430 gratias?

226 446 324 484 HE.
356 446 418 494 ah,
434 447 610 484 minume
627 460 633 483 :
664 458 882 496 numquam
903 452 941 484 te
961 444 1070 484 aliter
1089 452 1208 495 atque
1228 457 1269 483 es
1288 444 1363 483 cisse
1380 443 1557 483 animum

442 511 578 550 induxi
600 524 743 550 meum.

227 577 296 615 sed
317 577 464 626 quaeso
480 584 521 614 ut
536 589 614 614 una
630 575 785 615 me'cum
802 577 852 615 ad
868 583 1033 614 matrem
1049 574 1207 626 uirginis
1220 589 1297 622 eas,
1313 575 1450 623 Micio,

225 647 345 690 atque
366 642 484 680 istaec
505 642 645 680 eadem
666 641 767 691 quae
789 640 885 679 mihi
905 640 1002 679 dixti
1022 643 1105 679 ttite
1125 640 1234 680 dicas
1254 640 1430 679 mulieri:

227 705 492 756 suspicionem
538 707 641 745 hanc
685 706 843 757 propter
881 706 1037 745 fratrem
1075 719 1172 745 esse:
1215 706 1298 745 eius
1332 718 1417 745 esse
1450 705 1556 744 illam
1575 708 1645 743 600

442 771 652 821 psaltriam.

169 847 208 870 10
226 835 312 874 ML
346 834 377 874 si
398 835 451 874 ita
473 835 643 886 aequom
668 849 804 875 censes
831 837 898 874 aut
927 835 959 874 si
987 835 1041 874 ita
1068 848 1168 886 opus
1194 842 1252 875 est
1273 836 1386 883 facto,
1409 849 1555 875 eamus.

440 902 539 939 ΗΕ.
572 900 675 940 bene
696 900 815 940 facis:

225 979 318 1003 nam
339 972 377 1004 et
398 965 450 1004 ssli
471 966 527 1004 ita
546 965 723 1004 animum
739 966 816 1004 iam
837 965 1040 1012 releuabis,
1062 964 1164 1016 quae
1183 966 1320 1005 dolore
1339 979 1385 1004 ac
1405 965 1560 1005 miseria

226 1030 401 1078 tabescit,
425 1038 463 1070 et
483 1038 594 1070 tuom
615 1031 789 1071 officium
808 1031 926 1070 fueris
945 1032 1113 1070 functus.
1173 1032 1243 1070 sed
1256 1030 1288 1070 si
1302 1030 1412 1070 alite'r
1431 1039 1557 1082 putaS,

226 1098 384 1146 egomet
428 1097 595 1136 narrabo
634 1096 735 1147 quae'
779 1096 877 1136 mihi
917 1096 1024 1136 dixti.
1082 1098 1169 1136 Ml.
1201 1098 1325 1137 immo
1363 1110 1436 1148 ego
1478 1097 1555 1137 ibo.

441 1163 540 1201 HE.
572 1161 676 1201 bene
695 1161 814 1201 facis:

227 1225 378 1274 omnes,
400 1226 544 1277 quibus
565 1240 625 1266 res
650 1233 740 1265 sunt
760 1226 890 1266 minus
920 1227 1129 1274 secundae,
1152 1226 1275 1278 magis
1305 1233 1396 1266 sunt
1425 1226 1558 1266 nescio
1576 1229 1642 1275 605

443 1293 524 1343 quo
544 1293 667 1332 modo

171 1369 208 1402 15
229 1356 434 1408 suspiciosi
451 1373 458 1396 ε
488 1359 539 1396 ad
560 1357 841 1396 contumeliam
862 1356 996 1397 omnia
1015 1357 1215 1408 accipiunt
1236 1358 1358 1409 magis
1378 1373 1385 1397 :

228 1422 387 1473 propte'r
407 1436 518 1461 suam
539 1422 799 1473 inpotentiam
821 1436 862 1462 se
883 1422 1038 1474 se‘mper
1057 1424 1224 1463 credunt
1247 1423 1382 1463 ludier.

229 1490 467 1539 quapropter
487 1496 525 1528 te
546 1488 674 1539 ipsum
695 1492 859 1540 purgare
879 1489 953 1540 ipsi
977 1490 1110 1529 coram
1130 1489 1360 1540 placabilius
1381 1497 1449 1529 est.

228 1555 315 1593 Ml.
347 1561 385 1593 et
412 1553 516 1593 recte
545 1562 583 1593 et
607 1567 744 1593 uerum
771 1554 880 1594 dicis.
950 1557 1050 1595 HE.
1082 1569 1246 1607 sequere
1273 1569 1336 1595 me
1365 1555 1457 1607 ergo
1485 1557 1560 1595 hac

444 1619 557 1658 intro.
614 1621 701 1658 Ml.
725 1620 917 1660 maxume.

162 1738 211 1776 iV
730 1747 768 1784 A
780 1758 805 1784 Ε
819 1758 837 1784 s
850 1757 874 1785 c
888 1758 917 1784 H
932 1758 943 1784 1
959 1757 987 1785 N
1001 1758 1026 1784 v
1039 1758 1058 1785 s

230 1814 456 1855 Discrucior
474 1814 595 1854 animi
612 1831 619 1854 :
1573 1820 1664 1854 610³

229 1881 372 1920 hocine
392 1881 442 1920 de
462 1879 664 1931 inprouiso
684 1880 776 1920 mali
796 1880 894 1920 mihi
913 1881 1017 1921 obici
1038 1881 1189 1921 tantum
1574 1864 1663 1902 6¹0b

230 1948 273 1984 ut
294 1959 422 1996 neque
443 1945 538 1996 quid
559 1945 623 1985 me
642 1946 784 1985 faciam
804 1946 878 1986 ne'c
898 1946 995 1997 quid
1014 1960 1127 1998 agam
1148 1948 1297 1987 certum
1317 1946 1388 1986 sit!

230 2010 409 2049 membra
429 2017 537 2050 metu
557 2011 703 2050 debilia
723 2014 813 2050 sunt
828 2026 838 2060 3
871 2011 1026 2051 animus
1047 2012 1187 2052 timore

191 2090 209 2122 5
232 2075 422 2127 obstipuit
436 2090 446 2124 3
475 2075 634 2126 pectore
655 2077 868 2116 consistere
888 2076 943 2115 nil
963 2076 1102 2116 consili
1122 2077 1217 2127 quit.

273 2188 337 2219 597
362 2188 437 2210 esse
454 2179 514 2209 ins.
533 2177 688 2220 M'adwg:
715 2179 748 2209 in
765 2179 911 2210 animum
927 2178 1017 2211 codd.
1161 2181 1226 2211 600
1249 2179 1399 2220 Bentley:
1425 2180 1561 2212 fratrem

232 2223 305 2254 eius
321 2233 359 2254 se
376 2227 410 2254 et
427 2222 517 2253 illam
530 2222 563 2253 A
581 2233 586 2252 ε
612 2223 750 2254 fratrem
765 2223 838 2254 eius
851 2224 919 2254 isse
936 2228 970 2254 et
986 2223 1075 2254 illam
1092 2222 1163 2256 A2:
1190 2223 1325 2254 fratrem
1343 2224 1416 2254 eius
1433 2234 1509 2255 esse
1526 2229 1561 2255 et

231 2267 323 2298 illam
341 2269 365 2299 Σ
504 2267 568 2297 602
594 2266 641 2297 ita
656 2265 733 2298 add.
754 2266 974 2308 Umpsenbaclt
992 2266 1108 2308 (Anal.
1123 2272 1158 2307 p.
1181 2267 1246 2307 19),
1263 2267 1321 2307 qui
1337 2267 1481 2308 (ibidem)
1501 2279 1556 2299 uu.

230 2312 307 2350 600,
325 2312 386 2341 601
400 2309 571 2351 proscribit
672 2311 737 2349 603
761 2314 818 2341 tuo
836 2311 946 2342 officio
963 2310 1050 2343 codd.
1067 2322 1074 2342 :
1097 2310 1154 2341 sed
1168 2311 1261 2350 fungi
1278 2315 1330 2351 ap.
1355 2311 1421 2342 Ter.
1438 2316 1564 2352 semper

233 2364 308 2385 cum
325 2354 509 2385 accusatiuo
525 2353 736 2394 coniungitur
829 2355 892 2394 607
916 2354 1047 2394 Bentley
1061 2366 1067 2385 :
1092 2354 1242 2385 claudier
1258 2354 1346 2385 codd.
1356 2354 1437 2394 sort.
1462 2358 1537 2386 recte
1552 2366 1559 2385 :

234 2399 271 2437 cf.
291 2397 400 2429 Andr.
420 2407 506 2437 573:
530 2397 656 2428 caluier
673 2397 822 2429 Fam-nus
952 2399 1013 2428 611
1041 2398 1083 2428 sit
1099 2397 1283 2429 Dziatzko:
1306 2398 1372 2429 siet
1387 2397 1476 2429 codd.
