1773 2750
559 141 832 182 HEAVTON
863 144 1288 185 TIMORVMENOS
1534 149 1581 186 V.
1602 148 1631 185 ii

639 254 919 293 CLITIPHO
1029 256 1203 294 Svnvs

257 341 290 380 S
301 342 339 379 Y.
371 330 508 379 Abiit?
550 341 638 387 uah,
675 340 830 390 rogasse
869 341 1010 380 uellem
1052 342 1132 380 CL.
1169 343 1294 392 quid?
1363 345 1395 382 S
1407 345 1443 381 Y.
1476 345 1581 383 unde
1603 359 1639 390 25

471 411 644 455 peterem
666 404 761 443 mihi
781 405 914 444 cibum
931 421 938 444 :

258 471 310 508 ita
331 483 402 509 nos
422 469 617 509 alienaiuit.
677 469 748 508 tibi
769 469 845 508 iam
867 484 952 509 esse
972 470 1023 509 aid
1043 484 1216 510 sororem
1239 470 1430 522 intellego.

169 537 238 581 980
259 535 340 573 CL.
372 535 501 574 adeon
528 535 610 573 rem
635 533 795 575 rediisse
815 536 857 573 rit
884 534 1072 586 periclum
1094 535 1211 575 etiam
1232 535 1254 574 ἐι
1274 537 1376 574 farne
1404 535 1498 574 mihi
1520 537 1577 583 sit,

471 601 586 649 Syre!

256 663 288 702 S
300 664 337 702 Y.
369 664 491 702 modo
525 665 638 703 liceat
671 663 814 712 uiuere,
851 663 908 703 e'st
937 677 1025 716 spes
1084 666 1163 705 CL.
1196 666 1326 715 quae?
1394 666 1427 703 S
1438 666 1475 703 Y.
1508 678 1579 703 nos

470 727 678 768 esurituros
699 728 802 767 satis.

256 793 337 831 CL.
360 791 504 832 inrides
520 792 560 831 in
577 807 616 832 re
632 793 740 832 tc'tnta
756 806 884 844 neque
901 807 963 832 me
979 793 1144 834 consilio
1157 794 1368 845 quiequam
1385 793 1577 832 zidiuuas?

253 857 335 896 SY.
366 856 489 896 immo
523 857 561 896 e't
590 857 643 897 ibi
673 871 778 896 nune
808 871 894 896 sum
924 866 962 897 et
991 861 1115 910 iisque
1141 859 1181 898 id
1209 858 1268 909 egi
1295 859 1457 905 dridum,
1481 859 1575 896 dum
1596 872 1639 904 30

467 922 639 972 loquitiir
659 930 767 972 pater
782 937 790 969 3

254 994 293 1025 et
312 985 503 1037 qutintum
534 1000 606 1037 ego
633 986 856 1037 intellegere
885 1000 1057 1037 possum,
1091 989 1171 1028 CL.
1203 989 1328 1038 quid?
1383 988 1416 1027 S
1426 988 1464 1025 Y.
1497 1001 1576 1026 non

467 1051 590 1090 aberit
611 1051 775 1102 longius.

165 1124 231 1168 985
259 1117 336 1155 CL.
368 1115 464 1166 quid
485 1115 605 1166 e'rgo?
660 1117 742 1156 SY.
775 1116 829 1155 sic
850 1124 930 1155 est:
966 1118 1045 1156 non
1066 1130 1150 1156 esse
1171 1118 1311 1156 horum
1339 1124 1377 1156 te
1403 1116 1574 1155 cirbitror.

469 1182 548 1220 CL.
581 1180 677 1231 quid
698 1180 808 1228 istnc,
832 1183 954 1231 Syre?

252 1244 352 1283 satin
373 1245 490 1284 seirius
511 1247 582 1284 es?
638 1246 670 1284 S
680 1247 718 1283 Υ.
751 1258 824 1296 ego
844 1247 984 1293 dicam,
1008 1247 1115 1296 quod
1137 1246 1190 1284 mi
1211 1246 1250 1284 in
1271 1245 1504 1285 mentemst:
1536 1253 1575 1284 tu

465 1309 648 1349 diilidica.

251 1375 347 1413 dum
368 1374 449 1413 istis
470 1374 574 1413 fuisti
596 1375 687 1421 sola,
711 1376 806 1413 dum
829 1377 935 1413 nulla
955 1375 1028 1413 cilia
1049 1374 1258 1414 delectz'ttio

250 1453 352 1490 quae
371 1439 530 1490 propior
549 1447 660 1486 esset,
685 1446 722 1478 te
744 1439 1010 1490 indulgebant,
1035 1439 1105 1478 tibi
1125 1440 1272 1478 dabant
1288 1455 1297 1487 3
1327 1454 1431 1478 nunc
1453 1439 1530 1478 filia
1592 1455 1632 1487 35

251 1504 498 1555 postquzimst
518 1503 680 1542 inuenta
699 1503 801 1551 uera,
825 1503 1022 1543 inuentast
1043 1507 1160 1543 caiisa
1175 1518 1253 1555 qua
1273 1512 1309 1544 te
1326 1505 1571 1556 expellerent.

164 1584 233 1620 990
253 1571 333 1609 CL.
360 1576 418 1608 est
438 1568 519 1608 ue'ri
541 1568 676 1608 simile.
736 1570 768 1608 S
778 1571 816 1608 Y.
845 1583 896 1607 an
913 1576 953 1608 tu
975 1570 1027 1609 ob
1043 1577 1248 1621 peccatum
1265 1571 1340 1609 hoc
1361 1570 1445 1609 esse
1465 1569 1573 1608 illum

465 1634 603 1673 irattim
625 1636 768 1685 putas?

251 1701 332 1739 CL.
365 1713 445 1739 non
469 1699 642 1739 eirbitror.
703 1700 734 1738 S
747 1700 783 1738 Y.
817 1713 921 1738 nunc
946 1699 1052 1739 a‘liud
1077 1707 1232 1750 specta:
1268 1699 1408 1738 matres
1436 1713 1572 1738 omnes

464 1764 552 1803 filiis

249 1829 288 1868 in
309 1829 472 1880 peccato
492 1829 711 1877 adhrtrices,
733 1829 876 1868 auxilio
898 1830 937 1867 in
958 1837 1119 1880 paterna
1139 1829 1277 1867 iniiiria

248 1896 376 1933 solent
397 1894 504 1933 esse:
534 1894 574 1934 id
595 1908 675 1934 non
696 1895 748 1933 fit.
810 1895 890 1934 CL.
925 1893 1062 1932 uerum
1083 1893 1191 1933 dicis.
1239 1894 1334 1944 quid
1355 1907 1445 1943 ergo
1466 1906 1570 1932 nunc
1589 1903 1631 1935 40

463 1959 613 2006 facieirn,
636 1961 758 2009 Syre?

251 2025 283 2063 S
293 2025 331 2063 Υ.
364 2024 628 2075 suspicionem
649 2024 772 2063 istainc
793 2038 840 2063 ex
859 2023 932 2062 illis
954 2023 1108 2074 quaere,
1126 2037 1208 2063 rem
1229 2023 1357 2074 profer
1376 2025 1515 2074 palam.

162 2103 229 2140 995
249 2089 281 2128 si
301 2089 382 2129 non
403 2097 461 2128 est
481 2102 628 2136 uerum,
651 2090 702 2128 ad
723 2086 1028 2127 misericordiam
1049 2088 1187 2127 cimbos
1208 2087 1382 2128 adduces
1402 2087 1491 2134 cito,

293 2193 357 2232 978
381 2192 415 2222 in
436 2190 523 2223 codd.
542 2202 629 2222 noua
646 2201 761 2222 scaena
778 2190 871 2221 nulla
888 2193 933 2222 est
954 2190 1087 2231 exceptis
1101 2189 1168 2220 DG
1183 2190 1243 2229 qui
1261 2193 1336 2231 post
1360 2201 1391 2220 u.
1410 2200 1474 2229 979
1498 2200 1570 2220 cam

250 2235 406 2276 incipiunt
493 2235 573 2265 mihi
590 2240 742 2274 peterem
765 2233 876 2265 codd.:
904 2237 1024 2274 transp.
1052 2233 1223 2264 Fleckeisen
1353 2234 1417 2272 980
1441 2232 1570 2263 redisse

249 2277 336 2311 codd.
427 2289 447 2309 a
462 2288 526 2310 om.
545 2277 715 2309 ADEGP
820 2278 884 2317 985
909 2277 989 2317 quid
1005 2286 1086 2315 ergo
1103 2276 1153 2306 Αι
1168 2286 1174 2307 :
1200 2276 1278 2315 quid
1296 2276 1327 2306 id
1346 2286 1427 2315 ergo
1444 2276 1476 2306 A
1496 2287 1570 2306 cum

249 2325 312 2352 cett.
405 2326 438 2353 te
462 2322 580 2353 horum
603 2321 637 2351 A
657 2332 664 2352 :
687 2322 805 2352 horum
830 2324 863 2351 te
888 2323 912 2352 Σ
1043 2319 1107 2359 986
1132 2319 1165 2349 iu
1184 2323 1296 2350 mente
1321 2323 1373 2350 est
1389 2318 1512 2350 ADG:
1538 2320 1569 2349 in

250 2370 395 2397 mentem
420 2369 471 2396 est
495 2368 560 2396 cett.
736 2365 798 2404 987
833 2362 905 2395 sola
932 2363 986 2403 (sc.
1012 2362 1203 2401 delectatio)
1231 2362 1344 2402 scripsi
1368 2373 1447 2403 ego:
1480 2362 1570 2393 solus

249 2408 338 2439 codd.
430 2408 609 2440 delectatio
627 2408 686 2438 fuit
702 2406 735 2438 Α
757 2407 856 2446 :sort.
876 2407 955 2437 dum
970 2405 1059 2436 nulla
1077 2406 1137 2436 suit
1154 2404 1218 2436 del.
1237 2406 1290 2436 uel
1304 2405 1381 2436 dum
1400 2405 1461 2436 suit
1479 2405 1570 2436 nulla

249 2451 314 2484 del.
333 2457 378 2493 cp.
400 2452 461 2484 suit
478 2450 645 2491 monosyll.
665 2452 697 2482 in
716 2461 748 2483 u.
769 2461 849 2489 1024
