1773 2750
727 132 880 169 EVNV
883 132 916 171 C
922 133 1030 170 HVS
1473 137 1539 173 IV.
1564 136 1609 173 iv

218 245 326 294 qucsd
347 244 421 283 scis
441 233 568 283 nescis
589 243 716 294 neque
737 245 787 282 de
807 245 991 282 eunucho
1013 243 1141 294 ne'que
1162 245 1211 283 de
1233 244 1329 284 uitio
1350 245 1517 296 uirginis.
1567 256 1604 290 55

219 309 292 347 haic
312 322 352 348 re
373 316 410 348 et
431 316 468 348 te
488 308 596 347 omni
616 308 729 347 turba
750 309 912 347 euolues
933 308 970 347 e't
991 308 1045 346 illi
1065 315 1217 358 gratum
1239 309 1385 348 fe'ceris.

219 374 258 412 id
279 374 400 412 modo
419 372 494 420 dic,
517 372 644 411 abisse
673 373 836 410 Dorum.
895 374 982 411 ΡΥ.
1015 372 1067 411 ita
1094 373 1245 412 fz'rciam.
1305 375 1442 413 DOR.
1476 377 1545 414 sed

432 437 578 476 uide6n
599 437 842 476 Chremem?

132 510 197 549 725
218 502 339 540 Thzi'is
359 501 436 540 iam
456 500 590 540 aderit.
647 502 736 539 ΡΥ;
766 502 862 552 quid
882 500 965 540 ita?
1019 502 1158 541 DOR.
1189 502 1291 552 quia,
1310 515 1431 553 quom
1452 502 1545 542 inde

430 566 542 613 Abeo,
564 565 642 604 iam
662 572 747 604 tum
768 565 966 615 inceperat

216 631 329 669 turba
349 630 448 669 inter
467 643 546 669 eos.
603 632 693 669 ΡΥ.
724 632 833 670 aufer
852 644 990 669 aurum
1011 632 1098 670 hoc.
1157 630 1230 682 ego
1257 631 1368 671 scibo
1395 645 1442 671 ex
1468 633 1544 671 hoe

428 696 524 746 quid
545 694 627 733 siet.

560 799 836 838 CHREMES
948 800 1196 838 PYTH1AS
1562 807 1593 832 V

216 881 306 920 CH.
338 879 448 919 Atta'tt
475 881 566 919 data
586 881 716 919 hercle
743 880 863 919 uerba
884 880 980 919 mihi
1001 888 1114 921 sunt:
1149 881 1243 921 uicit
1269 881 1405 921 uinum
1434 884 1542 934 qudd

429 944 521 983 bibi.

214 1018 253 1049 at
295 1011 390 1049 dum
434 1010 694 1057 adcubabam,
740 1011 858 1061 quaim
906 1010 1070 1050 uidebar
1113 1011 1209 1050 mihi
1252 1014 1414 1063 pulchre
1457 1027 1542 1053 esse

428 1073 580 1113 s6brius
597 1077 603 1113 !

213 1139 422 1190 postqua'tm
444 1139 598 1187 surrexi,
618 1138 747 1189 neque
767 1153 836 1190 pes
852 1153 982 1191 neque
997 1154 1108 1180 mens
1130 1141 1221 1181 saitis
1238 1154 1351 1181 suom
1368 1143 1540 1182 officium

426 1204 527 1243 facit.

127 1276 196 1312 730
212 1271 300 1308 ΡΥ.
333 1269 533 1310 Chremes.
594 1271 685 1309 CH.
717 1270 804 1320 quis
825 1272 912 1310 est?
940 1272 1055 1310 ehem
1072 1271 1254 1322 Pythias:
1284 1274 1373 1320 uah,
1392 1274 1542 1324 quzinto

427 1347 533 1373 nunc
553 1334 788 1373 formdnsior

213 1399 347 1438 uidere
362 1399 459 1437 mihi
479 1412 598 1449 quam
614 1400 766 1438 dudum
784 1402 791 1438 l
846 1401 935 1438 ΡΥ.
964 1407 1071 1439 certo
1091 1402 1133 1439 tu
1149 1400 1311 1451 quidem
1327 1403 1394 1452 pol
1416 1405 1539 1443 multo
1559 1415 1575 1446 5

425 1464 592 1503 hilarior.

213 1530 305 1568 CH.
337 1529 502 1568 uerbum
529 1528 659 1569 hercle
680 1531 756 1569 hoc
783 1543 919 1569 uerum
940 1531 1011 1569 erit
1034 1530 1139 1570 ‘sine
1160 1532 1303 1571 Cerere
1329 1539 1368 1571 et
1395 1533 1539 1572 Libero

424 1594 535 1645 friget
554 1596 715 1634 Venus.’

211 1661 281 1699 sed
302 1659 423 1698 Theii's
444 1661 595 1698 multon
618 1660 709 1699 :inte
730 1659 867 1699 uenit?
923 1661 1010 1699 ΡΥ.
1043 1660 1092 1699 έη
1113 1660 1209 1700 abiit
1229 1660 1306 1700 iam
1326 1675 1349 1700 a
1370 1662 1522 1702 milite?

213 1725 303 1764 CH.
345 1725 421 1763 iam
467 1726 631 1773 dudum,
673 1732 852 1764 aetatem.
917 1726 1002 1764 lites
1042 1726 1166 1764 factae
1203 1728 1294 1765 sunt
1333 1726 1433 1766 inter
1470 1741 1538 1766 eos

426 1791 641 1829 maxumae.

125 1863 190 1901 735
212 1856 299 1893 ΡΥ.
332 1855 385 1894 nil
414 1855 520 1903 dixit,
544 1863 585 1894 tu
613 1863 655 1895 ut
684 1854 890 1907 sequerere
919 1857 1033 1895 sese?
1089 1856 1181 1895 CH.
1212 1857 1277 1903 nil,
1301 1855 1374 1895 nisi
1401 1856 1537 1896 abiens

426 1921 479 1959 mi
501 1921 636 1960 innuit.

211 1987 298 2025 ΡΥ.
330 1987 418 2033 eho,
440 1986 574 2025 n6nne
603 1986 644 2025 id
673 1994 731 2026 sat
757 1988 867 2026 erat?
924 1987 1014 2026 CH.
1047 1986 1086 2025 eit
1111 1986 1312 2026 nescibam
1340 1986 1381 2026 id
1407 1988 1538 2027 dicere
1562 2003 1598 2024 10

424 2050 541 2098 illam,
564 2050 637 2089 nisi
658 2050 749 2102 quia

211 2114 374 2153 correxit
395 2114 515 2161 miles,
539 2115 647 2165 qu6d
667 2115 839 2154 intellexi
859 2117 988 2155 minus
1004 2130 1014 2164 ;
1046 2129 1138 2155 nam
1159 2129 1223 2155 me
1243 2117 1401 2155 extrusit
1422 2118 1534 2155 foras.

212 2181 281 2218 sed
301 2193 435 2218 eccam
456 2181 604 2230 ipsam:
635 2179 753 2218 miror
772 2180 840 2219 ubi
860 2194 933 2231 ego
953 2180 1045 2221 huic
1064 2181 1354 2220 anteu6rterim.

258 2294 319 2322 722
343 2283 385 2314 de
407 2283 492 2314 istoc
509 2284 666 2314 eunucho
687 2283 743 2314 A:
769 2282 852 2314 unde
874 2283 1045 2315 Fleckeisen
1065 2284 1155 2323 quod
1179 2285 1247 2314 scis
1271 2284 1383 2315 nescis
1407 2284 1448 2315 de
1472 2284 1536 2316 isto

213 2327 368 2357 eunucho
392 2337 498 2366 aeque
525 2337 564 2358 ac
589 2328 630 2358 de
654 2327 736 2358 uitio
760 2326 926 2366 uirginis:
951 2331 1088 2358 ceterum
1122 2327 1209 2358 scias
1233 2327 1321 2358 codd.
1345 2327 1488 2368 plerique
1509 2332 1538 2359 et

211 2369 369 2410 Eugraplz
387 2371 419 2400 in
437 2370 570 2401 lenum:
595 2370 661 2401 scis
682 2370 805 2402 Donat.
830 2371 862 2401 in
887 2370 997 2401 lemm.
1019 2374 1065 2400 ter
1184 2380 1246 2409 733
1270 2371 1396 2402 multon
1420 2372 1537 2403 Hare:

213 2415 317 2444 multo
333 2412 425 2444 codd.

1410 2461 1450 2490 9*
