1773 2750
526 129 798 169 HEAVTON
830 130 1251 170 TIMORVMENOS
1475 135 1540 170 IV.
1564 145 1592 170 v

135 243 204 288 780
223 241 305 280 SY.
336 253 416 280 non
433 242 449 279 ?
478 252 597 290 quam
613 239 666 278 ob
681 252 763 279 rem
779 241 796 278 ?
853 240 944 278 CH
977 253 1094 289 quam
1111 241 1164 279 ob
1180 254 1260 279 rem
1278 243 1294 280 ?
1324 242 1386 281 me
1402 256 1511 293 rogas
1529 246 1542 281 ?

435 304 585 343 homini
608 333 615 343 .
639 334 646 342 .
670 306 708 342 .?
763 304 845 342 SY.
877 306 918 342 iit
939 305 1059 343 lubet.

220 383 302 409 non
323 369 396 420 ego
415 369 597 409 dicebam
619 368 658 406 in
679 367 911 419 perpetuom
932 376 974 406 ut
994 368 1099 406 illam
1120 368 1176 407 illi
1196 370 1319 417 dares,

221 448 358 473 uerum
378 436 421 473 iit
441 433 653 472 simulares.
714 434 805 472 CH
836 433 917 471 non
938 441 1062 472 meast
1082 432 1302 473 simulatio:

220 499 274 537 ita
293 505 334 537 tu
355 500 474 537 istaec
495 505 560 536 tua
580 496 755 545 misceto,
778 511 828 536 ne
848 511 911 536 me
931 499 1161 537 admisceas.
1564 514 1603 545 35

220 576 321 613 egon
342 564 436 613 quoi
455 564 615 601 daturus
636 563 717 601 non
737 576 836 610 sum,
858 570 901 601 ut
920 562 956 602 ei
976 564 1278 613 despondeam?

133 632 198 676 785
220 629 302 667 SY.
333 627 553 666 credebam.
615 628 706 666 CH
738 627 925 666 minume.
983 629 1065 666 SY.
1097 630 1192 667 scite
1212 636 1363 679 poterat
1384 630 1490 677 fieri;

219 700 258 731 et
278 705 351 743 ego
371 693 458 740 hoc,
482 691 573 742 quia
593 693 746 731 dudum
767 694 809 730 tu
831 699 941 731 tanto
961 705 1080 742 opere
1100 693 1287 741 suaseras,

219 771 267 796 eo
305 757 429 808 coe'pi.
508 759 598 796 CH
644 758 774 796 credo.
850 758 933 796 SY.
975 756 1148 796 ce'terum
1197 759 1381 808 equidem
1430 760 1539 808 istuc,

433 823 634 869 Chremes,

217 888 335 937 aequi
353 887 528 937 bonique
549 887 661 926 facio.
721 887 812 926 CH
843 886 951 938 atqui
971 901 1091 938 quam
1111 887 1294 927 maxume
1560 906 1603 938 40

218 954 311 991 uolo
331 951 369 990 te
389 953 482 991 dare
502 965 660 1002 operam
681 959 724 990 ut
744 953 821 999 fiat,
845 966 981 990 uerum
1002 952 1077 990 alia
1096 952 1171 991 uia.

131 1030 199 1065 790
218 1018 251 1056 S
261 1019 300 1055 Y.
332 1017 409 1064 fiat,
433 1024 639 1066 quaeratur
659 1017 819 1067 aliquid.
878 1018 948 1056 sed
968 1017 1064 1056 illud
1086 1018 1194 1067 quod
1215 1017 1285 1056 tibi

216 1082 296 1120 dixi
315 1083 366 1120 de
386 1089 545 1131 argento
566 1082 675 1132 quod
696 1082 768 1120 ista
788 1083 907 1120 debet
929 1082 1129 1129 Bacchidi,

215 1146 255 1185 id
278 1148 383 1184 nunc
403 1147 689 1186 reddendumst
712 1146 764 1184 ssli
785 1162 791 1185 z
821 1160 950 1196 neque
971 1154 1012 1185 tu
1034 1147 1181 1186 scilicet

217 1212 308 1249 illuc
327 1211 552 1261 confugies:
586 1212 702 1261 ‘quid
725 1213 842 1250 mea?
871 1225 966 1249 num
988 1211 1082 1249 mihi
1105 1213 1306 1251 datumst?
1558 1228 1599 1260 45

217 1289 311 1314 num
333 1275 423 1314 iussi
442 1278 458 1315 ?
487 1290 581 1314 num
604 1277 667 1315 illa
688 1278 942 1327 oppignerare
962 1276 1082 1315 filiam

130 1350 195 1387 795
217 1340 345 1378 meam
367 1353 430 1379 me
450 1340 574 1379 inuito
595 1341 772 1391 potuit?'
801 1354 938 1379 uerum
959 1340 1067 1389 illud,
1091 1342 1292 1389 Chremes,

214 1405 376 1444 dicunt:
410 1405 489 1444 ‘ius
509 1419 709 1444 summum
730 1405 846 1456 sae'pe
867 1414 1057 1445 summast
1078 1407 1249 1446 malitia)

216 1471 307 1509 CH
339 1472 445 1510 haud
466 1471 617 1509 faciam.
677 1472 758 1509 SV.
792 1471 915 1510 immo
936 1471 1019 1510 aliis
1041 1473 1072 1510 si
1092 1471 1192 1519 licet,
1216 1472 1285 1511 tibi
1307 1474 1386 1512 no'n
1408 1473 1497 1513 licet
1515 1490 1521 1513 z

215 1535 353 1574 omne's
374 1543 411 1574 te
432 1535 471 1574 in
492 1537 596 1574 lauta
618 1549 702 1575 esse
723 1535 760 1574 e't
782 1536 884 1575 bene
904 1543 1018 1575 aucta
1039 1537 1079 1575 re'
1101 1544 1251 1587 putant.
1559 1551 1602 1581 50

217 1600 308 1638 CH
339 1599 435 1650 quin
456 1599 611 1651 e'gomet
635 1600 713 1639 iam
733 1602 783 1639 ad
805 1614 891 1639 earn
913 1600 1097 1640 de'feram.
1157 1604 1239 1641 ΒΥ.
1271 1602 1393 1641 immo
1414 1603 1538 1641 filiurn

128 1666 196 1699 800
215 1663 306 1703 iube
327 1664 468 1714 potius.
530 1666 620 1703 CH
653 1678 771 1715 quarn
793 1665 845 1703 ob
866 1668 977 1704 rem?
1034 1667 1116 1704 SY.
1149 1668 1240 1716 quia
1261 1667 1364 1706 enim
1388 1668 1426 1705 in
1448 1682 1538 1707 eum

429 1729 635 1779 suspiciost

213 1793 397 1831 translata
416 1793 570 1832 amoris.
634 1795 724 1832 CH
757 1795 853 1844 quid
874 1796 992 1832 tum?
1049 1796 1131 1833 SV.
1163 1795 1255 1845 quia
1274 1796 1472 1835 uidebitur

213 1858 335 1908 magis
357 1858 436 1896 ue'ri
459 1858 583 1896 simile
605 1858 644 1897 id
667 1858 761 1906 esse,
786 1872 907 1908 quom
929 1858 992 1897 bic
1014 1859 1067 1897 illi
1087 1859 1223 1907 dabit3

211 1930 250 1961 et
270 1924 385 1961 simul
406 1923 613 1962 conficiam
635 1923 785 1962 facilius
808 1937 880 1973 ego
901 1924 1009 1973 quod
1030 1926 1134 1962 uolo.
1558 1942 1596 1973 55

212 1988 294 2038 ipse
314 1989 415 2028 adeo
435 1989 546 2027 adest
565 2003 572 2026 ε
601 1988 676 2036 abi,
700 1988 802 2027 ecfer
822 1996 1038 2039 argentum.
1097 1990 1191 2028 CH
1223 1989 1362 2030 ecfero.

588 2092 871 2131 CLITIPHO
983 2094 1158 2131 SYRvs
1556 2101 1601 2136 vi

125 2176 189 2222 805
213 2174 304 2214 CL.
337 2173 492 2212 Nullast
512 2181 591 2212 tam
613 2173 735 2212 facilis
757 2173 816 2212 res
837 2173 933 2223 quin
954 2173 1120 2212 difficilis
1145 2174 1228 2222 siet,

211 2252 329 2288 quam
351 2239 496 2278 inuitus
517 2238 646 2277 facias.
706 2238 768 2277 uel
790 2252 853 2277 me
874 2240 971 2278 haec
993 2240 1271 2287 deambulatio,

254 2343 316 2380 798
339 2342 491 2382 Bentley:
520 2343 553 2373 in
577 2342 665 2374 lauta
683 2347 716 2373 et
741 2343 829 2373 bene
853 2347 926 2373 acta
951 2348 1047 2382 parte
1071 2348 1191 2382 putant
1219 2343 1304 2375 codd.
1325 2356 1332 2375 ε
1366 2355 1485 2376 omnes
1501 2351 1534 2376 te

208 2385 369 2416 inlautum
388 2396 463 2416 esse
482 2387 514 2416 in
531 2387 618 2417 bene
636 2391 731 2426 parta
749 2396 784 2416 re
802 2392 921 2426 putent
936 2386 1107 2418 Fleckeisen
