1773 2750
754 104 1022 143 PHORMIO
1469 103 1543 139 III.
1567 101 1597 139 ii

228 220 324 258 ΡΗ
356 225 397 256 tu
418 216 513 255 mihi
534 223 737 267 cognatus,
756 217 798 254 td
828 227 977 266 parens,
1001 222 1042 252 tu
1071 214 1233 260 amicus,
1259 221 1300 252 tu
1322 244 1329 252 .
1354 244 1360 251 .
1383 241 1390 250 .
1451 215 1546 252 ΒΟ.

442 282 539 332 garri
560 282 691 319 modo.

230 349 323 386 ΡΗ
354 346 482 385 εἰάθοη
503 344 659 395 ingenio
679 343 764 382 esse
783 345 882 382 duro
903 350 940 381 te
961 342 1078 392 aitque
1098 341 1336 389 inexorabili,

232 414 274 450 tit
295 424 423 461 neque
443 408 709 448 misericdrdia
729 421 859 458 neque
879 406 1059 458 pre'cibus
1081 406 1222 446 molliri
1242 420 1364 456 queas
1384 409 1391 444 !

231 477 326 515 DO.
341 476 470 514 zideon
483 482 521 513 te
529 487 613 513 esse
626 472 905 523 incdgitantem
919 480 1038 522 atque
1052 472 1309 522 inpudentem
1323 472 1406 510 sine
1420 472 1551 517 modo,

146 555 213 591 500
231 543 273 579 tit
292 539 500 590 phaleratis
520 540 642 578 dticas
662 537 776 577 dictis
797 551 860 576 me
881 537 918 576 et
939 539 1067 575 meam
1089 537 1227 575 ductes
1247 535 1376 586 greitiis
1394 539 1400 574 !
1579 544 1612 576 Ι5

230 606 326 644 AN
371 603 633 642 miseritumst.
704 604 798 642 ΡΗ
841 602 888 649 ei,
922 600 1023 640 ueris
1058 600 1195 639 uincor
1214 603 1220 638 !
1299 602 1390 639 GE.
1437 599 1554 650 queim

443 674 644 717 uterquest
660 666 795 705 similis
816 665 875 704 sui
892 669 899 703 !

230 734 323 772 ΡΗ
355 745 484 781 neque
500 721 678 781 Antipho
693 730 769 769 alia
788 743 910 781 quom
927 730 1143 780 6ccupatus
1160 728 1262 767 esset
1278 727 1552 774 sofficiffldine,

230 805 314 835 tum
343 797 420 834 hoe
449 795 534 834 e'sse
564 795 617 833 mi
646 795 846 834 obiectt'lm
877 796 1049 834 malum!
1105 795 1202 833 AN
1245 793 1340 843 quid
1370 793 1469 832 isttic
1498 799 1556 832 est

445 868 588 908 autem,
611 859 833 899 Phaedria?

232 927 325 965 ΡΗ
356 925 380 964 ό
401 926 720 964 fortunatissume
740 924 929 975 Antipho.
987 926 1083 964 AN
1115 923 1272 973 e'gone?
1326 925 1420 961 ΡΗ
1463 922 1556 973 quoi

447 991 555 1040 quod
573 990 681 1028 amais
701 989 861 1037 domist,

148 1069 211 1106 505
233 1055 362 1106 ne'que
382 1068 570 1105 umquam
592 1068 682 1093 cum
704 1053 819 1092 huius
841 1053 949 1093 modi
972 1051 1076 1106 [tibi]
1097 1055 1190 1092 fisus
1211 1052 1319 1092 uenit
1340 1055 1382 1092 tit
1402 1052 1557 1092 conflic-
1579 1067 1618 1089 20

446 1119 545 1158 tates
566 1121 680 1158 malo.

232 1188 327 1241 AN
359 1186 482 1225 mihin
513 1185 688 1225 domist?
730 1185 863 1233 immo,
895 1187 934 1225 id
966 1187 1074 1236 quod
1103 1185 1222 1232 aiunt,
1254 1184 1412 1224 alitibus
1442 1183 1558 1222 tene6

447 1253 583 1302 lupum
601 1267 607 1290 z

234 1317 324 1355 naim
346 1330 474 1367 neque
495 1329 575 1366 quo
595 1324 711 1367 pacto
727 1316 749 1354 εἰ
766 1329 828 1355 me
847 1315 1024 1354 amittam
1046 1315 1174 1365 ne'que
1190 1314 1246 1353 uti
1262 1313 1448 1353 retinee‘tm
1464 1312 1556 1352 scio.

233 1383 328 1421 DO.
360 1383 488 1432 ipsum
510 1381 609 1420 istuc
630 1380 682 1419 mi
703 1381 742 1419 in
763 1381 838 1419 hde
866 1388 934 1419 est.
992 1381 1088 1419 AN
1119 1379 1217 1426 heia,
1241 1378 1290 1418 ne
1310 1392 1447 1430 parum
1468 1378 1558 1417 1en6

449 1447 535 1485 sies.

234 1513 329 1549 mim
360 1512 457 1562 quid
487 1512 551 1550 hic
585 1511 783 1550 confecit?
852 1512 946 1549 ΡΗ
990 1510 1152 1549 hicine?
1199 1510 1307 1560 qudd
1346 1510 1467 1547 homo
1505 1508 1558 1547 in-

448 1578 767 1616 humanissumus
784 1593 790 1615 :

150 1653 217 1689 510
235 1641 481 1692 Pamphilam
508 1656 637 1681 meam
658 1641 849 1680 uendidit.
906 1642 1003 1679 AN
1034 1640 1160 1690 quid?
1197 1639 1406 1678 ue'ndidit?
1466 1639 1556 1678 GE.
1581 1652 1619 1683 25

447 1706 542 1745 ain?
570 1707 779 1746 uendidit?

233 1773 327 1809 ΡΗ
359 1770 548 1811 uendidit.
606 1773 702 1811 DO.
735 1785 853 1822 quam
870 1771 1075 1821 indignum
1091 1770 1252 1817 facinus,
1270 1770 1451 1809 &ncillam
1472 1783 1559 1808 aere

449 1837 621 1887 emptaim
642 1850 731 1875 meo
749 1839 755 1874 1

233 1902 327 1938 ΡΗ
359 1900 515 1951 nequeo
545 1914 700 1940 exorare
730 1903 772 1939 tit
802 1914 864 1939 me
894 1907 1051 1939 maneat
1080 1900 1118 1938 e't
1147 1914 1237 1939 cum
1267 1899 1334 1938 illo
1363 1906 1405 1937 ut
1435 1898 1560 1938 mutet

448 1966 568 2004 fidem

235 2027 405 2065 triduom
425 2028 513 2074 hoc,
536 2028 632 2065 dum
662 2026 702 2066 id
731 2026 839 2076 qucsd
863 2033 921 2065 est
947 2025 1184 2076 promissum
1204 2025 1254 2064 ab
1274 2024 1409 2063 amicis
1428 2038 1560 2075 argen-

450 2100 533 2130 tum
553 2092 698 2130 misero.

237 2156 268 2194 si
288 2169 368 2194 non
388 2163 472 2194 tum
492 2157 651 2203 dedero,
673 2157 793 2194 finam
820 2162 1018 2207 praeterea
1038 2155 1174 2194 hdram
1196 2168 1245 2194 ne
1265 2155 1450 2205 oppernis
1471 2152 1556 2192 sies.

280 2281 344 2310 499
367 2271 559 2302 Fleckeisen:
587 2271 752 2302 Phaedria
778 2272 852 2302 sine
871 2272 970 2302 modo
986 2271 1019 2300 A
1039 2282 1046 2301 ε
1071 2270 1239 2301 Phaedria
1253 2269 1334 2309 (om.
1356 2268 1429 2300 sine
1444 2267 1558 2308 modo)

238 2317 261 2344 Σ
279 2315 364 2354 uolg.
513 2325 574 2354 501
601 2315 714 2346 uerbis
732 2314 777 2345 6²
909 2324 972 2354 505
997 2314 1055 2345 tibi
1073 2324 1137 2345 om.
1158 2312 1316 2344 Donatus
1404 2322 1559 2352 umquam

231 2360 308 2397 post
322 2358 411 2388 modi
428 2362 493 2389 stat
507 2360 541 2388 in
557 2358 643 2389 codd.
666 2370 672 2389 ;
697 2361 820 2398 transp.
838 2369 894 2399 ego
