1773 2750
530 132 805 171 HEAVTON
835 132 1257 172 TIMORVMENOS
1486 137 1552 173 IV.
1577 136 1591 173 i

146 247 188 291 65
197 254 212 291 5
233 245 328 294 quid
350 242 414 282 illa
434 244 590 282 narrat?
645 243 724 282 SO.
758 242 803 280 ea
824 243 996 281 lanatum
1019 243 1114 281 dum
1136 244 1173 288 it,
1199 245 1436 283 seruandum
1461 247 1553 283 mihi

449 307 569 347 dedit.

234 373 409 412 animum
430 385 510 410 non
529 372 683 410 adudrti
703 371 873 420 primurn
889 384 899 418 ;
927 370 997 410 sed
1017 378 1227 421 postquam
1247 373 1379 422 aspexi
1400 374 1491 411 ilico

236 436 415 487 c6gnoui,
430 437 481 475 ad
497 443 535 474 te
550 435 696 474 exsilui.
745 436 836 474 CH.
859 435 956 485 quid
972 448 1078 474 nunc
1099 436 1296 485 suspicare
1316 445 1383 475 aut
1403 437 1556 476 inuenis

234 502 285 540 de
323 502 416 538 ssla?
495 501 574 539 SO.
607 499 750 547 neseio,
787 499 862 537 nisi
899 512 946 538 ex
984 499 1067 550 ipsa
1105 499 1268 550 quaeras
1307 502 1413 540 unde
1452 503 1557 539 hunc
1578 513 1618 544 45

449 565 637 612 habuerit,

235 632 268 670 si
298 630 400 682 potis
431 638 489 669 est
521 628 686 680 reperiri.
745 630 826 668 SV.
859 629 1011 668 interii:
1051 630 1139 679 plus
1174 629 1256 680 spei
1290 629 1410 669 uideo
1441 631 1558 680 quam

451 696 567 733 uolo:

148 759 218 795 660
236 760 415 807 nostrast,
438 759 469 797 si
489 759 588 797 itast.
649 759 740 798 CH.
771 758 922 798 uiuitne
948 758 1013 797 illa
1033 760 1128 808 quoi
1156 766 1199 797 tu
1224 759 1421 797 dederas?
1477 760 1557 798 SO.

450 837 593 862 neselo.

238 892 328 929 CH.
361 890 456 939 quid
476 889 713 928 renuntiauit
729 889 857 928 olim?
912 890 993 928 SO.
1026 888 1218 928 fecisseid
1235 890 1342 938 quod
1359 888 1557 928 iusseram.

239 956 329 994 CH.
361 954 507 992 nomen
546 953 697 992 mulieri
735 955 835 992 cedo
875 953 969 1004 quid
1009 953 1066 1000 sit,
1108 956 1151 992 iit
1189 961 1406 1004 quaeratur.
1476 955 1556 993 SO.

453 1020 656 1057 Philterae.

237 1085 319 1123 SY.
352 1085 481 1134 ipsast.
540 1083 682 1122 mirum
704 1085 746 1123 ni
772 1083 837 1122 illa
864 1085 1006 1122 saluast
1034 1083 1071 1122 et
1099 1097 1171 1134 ego
1202 1083 1310 1135 perii.
1371 1085 1462 1123 CH.
1494 1084 1561 1122 So-
1581 1096 1621 1127 50

454 1155 580 1194 strata,

237 1211 401 1262 sequere
429 1214 502 1251 hac
532 1226 594 1250 me
626 1212 738 1252 intro.
797 1213 876 1252 SO.
908 1213 974 1251 lzoc
1005 1214 1048 1251 ut
1082 1220 1233 1262 praeter
1263 1225 1373 1262 spem
1405 1211 1560 1251 euenit!

456 1290 575 1327 quam
597 1276 709 1314 timui
729 1278 841 1321 male,

149 1345 216 1391 665
237 1340 288 1379 ne
308 1354 414 1379 nunc
433 1340 566 1379 animo
587 1340 639 1378 ita
655 1340 758 1379 esses
780 1342 878 1379 duro
899 1348 941 1379 ut
963 1340 1056 1379 61im
1079 1340 1119 1378 in
1138 1341 1326 1387 tollendo,
1345 1341 1535 1380 Chremes
1553 1343 1560 1378 1

239 1405 329 1443 CH.
361 1405 441 1443 non
467 1404 556 1442 licet
584 1404 786 1443 hominem
814 1404 898 1443 e'sse
925 1418 1041 1455 saepe
1068 1404 1120 1442 ita
1149 1407 1191 1442 rit
1219 1406 1311 1450 uolt,
1336 1404 1366 1442 si
1394 1418 1452 1443 res
1480 1405 1559 1442 ndu

451 1468 551 1507 sinit.

238 1535 342 1572 minc
363 1533 415 1572 ita
434 1541 589 1583 tempus
610 1533 682 1573 fert
702 1533 755 1572 mi
776 1541 818 1572 ut
838 1533 994 1584 cupiam
1016 1533 1135 1572 filiam
1154 1548 1161 1571 t
1190 1533 1283 1571 olim
1305 1534 1358 1571 nss
1379 1533 1518 1572 minus.

813 1705 985 1741 SYRvs
1578 1709 1607 1745 ii

238 1804 270 1841 S
281 1804 319 1841 Y.
352 1802 438 1840 Nisi
473 1815 536 1840 me
569 1801 722 1840 Animus
757 1800 853 1840 fauit
888 1802 1066 1849 multum,
1099 1801 1205 1839 haud
1240 1801 1406 1839 multum
1441 1814 1463 1839 a
1497 1813 1560 1839 me

451 1866 575 1905 aberit
595 1866 852 1905 infortunium
872 1881 879 1904 :

237 1931 290 1970 ita
310 1931 384 1970 heic
404 1945 443 1970 re
463 1933 501 1970 in
524 1938 734 1981 angustum
755 1931 904 1981 oppido
925 1943 1031 1969 nunc
1052 1929 1163 1969 meae
1188 1936 1380 1980 coguntur
1400 1930 1536 1980 copiae
1551 1946 1561 1979 3

151 1999 220 2040 670
237 1996 312 2035 nisi
331 1996 480 2046 aliquid
500 1995 628 2042 uideo,
648 2009 698 2034 ne
714 1995 798 2034 esse
813 1995 981 2034 amicam
997 1996 1099 2033 hanc
1111 1994 1218 2045 gnati
1234 1994 1415 2033 resciscat
1430 2008 1557 2033 senex.

238 2074 330 2099 nam
346 2061 455 2110 quod
475 2061 525 2099 de
544 2067 705 2110 argento
721 2059 874 2110 sperem
893 2067 960 2098 aut
980 2073 1096 2110 posse
1116 2060 1312 2110 postulem
1334 2072 1398 2097 me
1418 2059 1558 2106 fallere,

238 2125 293 2162 nil
314 2125 394 2163 est:
425 2124 634 2175 triumpho,
657 2126 689 2163 si
708 2124 798 2163 licet
818 2138 882 2163 me
902 2124 1021 2163 latere
1040 2131 1145 2162 tecto
1165 2123 1388 2163 abscedere.

240 2189 391 2228 crucior
410 2190 546 2228 bolum
563 2189 659 2227 mihi
675 2189 827 2228 tantum
843 2197 1020 2240 ereptum
1037 2189 1116 2227 tam
1133 2189 1317 2227 desubito
1333 2202 1354 2226 e
1370 2188 1558 2227 faucibus.
1581 2144 1599 2176 5

283 2294 347 2323 662
370 2292 502 2323 mulieri
518 2293 649 2333 Bentley
666 2304 673 2324 ε
697 2293 848 2324 mulieris
864 2292 952 2324 codd.
1096 2292 1159 2330 664
1184 2291 1356 2322 Fleckeisen
1373 2303 1380 2322 :
1405 2301 1458 2322 me
1475 2292 1562 2323 intro

242 2336 304 2366 hac
330 2335 416 2367 codd.
564 2337 627 2376 667
653 2337 716 2367 sert
740 2337 892 2376 Bentley:
924 2341 976 2366 est
1006 2334 1093 2366 codd.
1238 2336 1302 2374 673
1326 2339 1454 2365 tantum
1480 2335 1561 2366 mihi

241 2378 351 2409 codd:
383 2383 507 2420 transp.
537 2379 669 2418 Bentley
