1773 2750
654 379 1038 428 PROLOGVS

186 526 306 569 Poeta
326 542 447 580 quom
468 529 637 580 primum
659 528 833 568 animum
854 531 904 568 ad
925 529 1177 569 scribendum
1198 530 1362 580 adpulit.

183 595 223 633 id
244 593 317 632 sibi
337 593 468 644 negoti
488 593 653 633 credidit
674 595 800 632 solum
822 593 915 640 dari,

182 660 330 710 populo
351 661 392 697 iit
412 659 610 709 placerent
630 659 726 708 quas
747 657 901 697 fecisset
921 659 1082 697 fabulas.

182 736 319 762 uerum
339 722 448 761 aliter
468 723 625 761 euenire
645 724 769 761 multo
790 722 1002 772 intellegit;

146 806 162 842 5
183 801 274 826 nam
295 787 334 825 in
355 786 523 838 prelogis
543 786 763 825 scribundis
784 800 943 836 operam
963 787 1151 834 abutitur,

183 866 262 890 non
283 852 350 902 qui
370 852 642 902 argumentum
663 851 800 898 narret,
822 852 892 890 sed
913 851 979 901 qui
1001 851 1172 890 maliuoli

182 918 322 955 ueteris
343 918 482 966 poetae
504 915 721 954 maledictis
742 916 987 966 resp6ndeat.

181 995 287 1020 nunc
307 982 425 1031 quam
446 994 526 1019 rem
548 980 644 1018 uitio
665 981 760 1019 dent
780 993 927 1030 quaeso
946 981 1121 1019 animum
1143 982 1356 1021 adtendite.

185 1046 404 1085 Menander
424 1044 515 1084 fecit
535 1035 727 1083 Andriam
748 1052 786 1083 et
808 1045 1058 1084 Perinthiam.

122 1124 164 1149 10
182 1111 248 1161 qui
270 1110 456 1149 utramuis
477 1118 581 1149 recte
601 1109 702 1148 norit
722 1110 858 1148 ambas
880 1110 1055 1148 neuerit:

182 1176 234 1214 ita
253 1177 333 1214 nen
354 1183 443 1214 sunt
464 1174 641 1214 dissimili
663 1175 893 1225 argumento
914 1176 983 1214 sed
1004 1182 1134 1214 tamen
1170 1219 1177 1225 ι

180 1241 357 1280 dissimili
379 1240 554 1279 oratione
575 1247 665 1278 sunt
685 1241 810 1278 factae
831 1240 875 1278 ac
896 1240 994 1278 stilo.

180 1319 281 1355 quae
302 1306 523 1344 conuenere
544 1304 584 1342 in
605 1295 795 1343 Andriam
817 1318 863 1342 ex
885 1305 1082 1343 Perinthia

181 1372 320 1409 fatetur
342 1370 582 1408 transtulisse
603 1377 721 1419 atque
741 1382 855 1407 usum
877 1369 946 1419 pro
968 1370 1057 1408 suis.

120 1446 157 1482 15
180 1435 219 1474 id
241 1435 302 1473 isti
324 1435 545 1485 uituperant
566 1434 711 1472 factum
732 1442 849 1484 atque
871 1434 909 1472 in
930 1448 978 1473 eo
999 1436 1199 1485 disputant

178 1500 433 1539 contaminari
456 1500 535 1538 nen
557 1500 696 1537 decere
716 1499 876 1537 fabulas

178 1565 377 1604 faciiintne
398 1564 662 1613 intellegendo
683 1570 724 1602 ut
744 1563 798 1601 nil
819 1563 1074 1615 intellegant?

179 1630 245 1680 qui
265 1642 386 1680 quom
408 1630 513 1667 hunc
533 1635 729 1675 accusant,
753 1628 949 1666 Naeuium
972 1630 1153 1668 Plautum
1175 1618 1349 1668 Ennium

177 1698 374 1741 accusant,
397 1707 496 1744 quos
517 1693 580 1732 hic
601 1694 732 1732 nester
752 1693 930 1732 auctores
951 1695 1083 1737 habet.

114 1775 159 1800 20
178 1774 345 1810 quorum
366 1759 551 1798 aemulari
572 1759 730 1809 exoptat
750 1758 1034 1809 neclegentiam

177 1825 306 1876 potius
327 1837 446 1874 quam
467 1823 629 1862 istorum
650 1823 857 1861 obscuram
879 1823 1131 1874 diligentiam.

176 1890 321 1929 dehinc
342 1892 383 1928 ut
404 1888 607 1939 quiescant
628 1889 743 1938 perro
765 1902 909 1927 moneo
930 1896 968 1927 et
988 1889 1169 1928 desinant

177 1956 278 1993 male
297 1956 438 2002 dicere,
462 1954 666 1993 malefacta
685 1967 734 1992 ne
755 1953 919 1992 noscant
940 1967 1019 1992 sua.

176 2021 315 2067 fauete,
337 2021 473 2058 adeste
492 2032 620 2069 aequo
641 2019 774 2057 animo
794 2026 832 2056 et
853 2031 934 2057 rem
955 2019 1192 2069 cognoscite,

112 2098 130 2123 2
137 2096 153 2135 5
175 2092 217 2123 ut
237 2084 478 2135 pernoscatis
498 2084 641 2134 ecquid
662 2084 743 2134 spei
765 2083 813 2122 sit
834 2083 1036 2128 relicuom,

175 2150 338 2200 posthac
359 2163 456 2199 quas
476 2148 591 2187 faciet
611 2149 661 2187 de
682 2149 831 2198 integro
852 2149 1092 2191 comoedias,

175 2214 411 2265 spectandae
431 2227 481 2251 an
502 2213 715 2263 exigendae
736 2213 812 2251 sint
832 2214 946 2252 uobis
967 2213 1083 2263 prius.

217 2319 238 2348 8
261 2318 433 2349 adtendite
450 2316 604 2347 Donatus
618 2320 648 2347 et
661 2316 810 2347 Nonius:
837 2316 1004 2348 aduertite
1022 2317 1075 2347 uel
1088 2317 1253 2348 aduertite
1272 2320 1294 2348 Σ

175 2410 208 2434 et
225 2404 356 2442 Bentley

1420 2326 1431 2345 1

176 2372 241 2392 non
262 2361 381 2400 Guyet:
407 2370 475 2391 non
492 2360 539 2391 ita
557 2363 580 2390 Σ
670 2359 823 2390 dissimili
842 2365 919 2389 sunt
937 2363 980 2390 Σι
1007 2363 1043 2389 tr.
1068 2360 1170 2399 Guyet
1247 2360 1306 2391 sed
1324 2359 1378 2390 uel
1390 2326 1440 2390 stet
1459 2322 1503 2389 ga

1533 1120 1570 1142 10

1525 2085 1563 2116 2⁵
