1773 2750
217 90 270 128 ΙΙ.
294 89 338 126 νί
624 92 661 128 Ρ.
696 91 948 129 TERENTI
980 92 1112 129 AFRI

216 203 280 241 SI.
299 201 394 252 quid
411 202 546 242 Da'uos
562 205 718 242 narrat?
748 206 844 242 DA.
868 205 993 255 aeque
1008 205 1219 256 quicquam
1237 207 1342 243 minc
1359 205 1546 254 quidem?

218 267 280 306 SI.
307 266 443 306 nilne?
471 267 575 306 lie'rn.
609 269 707 305 DA.
734 267 786 305 nil
812 282 978 318 prorsus.
1036 271 1101 308 SI.
1133 270 1240 319 atqui
1267 270 1542 319 exspectabam
1560 284 1627 321 435

427 331 600 382 quidem.

178 407 195 439 5
216 397 312 434 DA.
344 395 495 446 praeter
515 409 625 445 spem
647 395 790 442 euenit,
814 395 940 434 se'ntio
958 411 964 434 :
995 397 1072 434 hoc
1092 397 1194 435 male
1215 396 1334 435 habet
1355 395 1493 435 uirum.

216 462 280 498 SI.
312 460 422 510 potin
444 459 483 498 e's
505 459 600 497 mihi
622 473 758 497 uerum
780 460 939 498 dicere?
993 461 1091 498 DA.
1123 460 1177 498 nil
1198 460 1359 499 facilius.

215 526 280 563 SI.
313 538 407 562 num
430 524 483 562 illi
504 525 693 562 molestae
714 523 919 574 quidpiam
941 525 1038 562 haec
1059 532 1149 563 sunt
1169 524 1329 575 nuptiae

213 591 294 627 esus
313 590 471 639 propter
491 588 819 627 consuetudinem
841 588 1004 627 huiusce
1024 589 1232 639 hospitae?

214 656 312 693 DA.
344 654 397 692 nil
418 654 549 693 hercle
564 669 574 702 ;
602 661 679 702 aut,
703 653 734 692 si
755 655 866 701 adeo,
891 653 1037 692 biduist
1058 661 1124 692 aut
1145 654 1262 693 tridui
1564 667 1634 702 440

159 733 196 754 ιο
216 721 313 758 haec
334 719 557 758 sollicitudo
575 735 581 758 z
612 720 744 759 nosti?
773 720 918 759 deinde
939 720 1102 759 desinet.

216 784 361 823 etenim
383 786 490 835 ipsus
511 798 644 823 secum
667 786 710 823 id
726 785 829 824 re'cta
849 787 1044 836 reputauit
1065 785 1139 824 uia.

217 851 282 888 SI.
314 850 443 888 laudo.
502 852 599 888 DA.
631 852 726 889 dum
748 850 935 889 licitumst
956 850 992 889 e'i'
1011 852 1187 901 dumque
1207 852 1313 890 aetas
1334 852 1434 901 tulit,

216 914 387 961 amauit3
417 922 499 952 tum
522 914 562 953 id
582 917 681 953 clam
700 931 706 954 ι
737 915 841 953 cauit
861 929 910 954 ne
932 929 1119 965 umquam
1142 915 1324 955 infamiae

217 993 263 1018 ea
283 982 341 1018 res
363 978 435 1017 sibi
456 987 569 1027 esset,
593 983 633 1018 ut
656 979 781 1019 uirum
803 981 941 1019 fortem
963 981 1088 1019 decet.
1566 991 1632 1028 445

161 1061 197 1093 15
218 1058 323 1083 nunc
345 1045 463 1083 uxore
485 1058 583 1095 opus
606 1052 686 1084 est:
718 1044 893 1083 animum
914 1047 964 1084 ad
987 1059 1146 1085 uxorem
1168 1047 1329 1097 adpulit.

218 1111 283 1148 Sl.
315 1109 507 1148 subtristis
528 1109 651 1148 uisust
672 1112 756 1148 esse
776 1109 1062 1160 aliquantillum
1085 1111 1191 1149 mihi.

218 1176 314 1212 DA.
347 1174 400 1212 nil
422 1175 579 1225 propter
599 1176 700 1213 hanc
721 1188 813 1222 rem,
837 1174 906 1214 sed
927 1182 984 1213 est
1006 1177 1114 1225 quod
1136 1179 1337 1216 suscenset
1358 1177 1438 1216 tibi.

219 1240 283 1278 SI.
316 1239 411 1290 quid
433 1240 590 1278 nzimst?
646 1241 742 1278 DA.
775 1239 969 1290 puerilest.
1029 1241 1094 1278 SI.
1127 1242 1221 1291 quid
1249 1243 1292 1280 id
1308 1244 1394 1281 est?
1450 1244 1546 1281 DA.

434 1304 499 1342 nil.
559 1305 624 1343 SI.
656 1304 750 1354 quin
772 1305 846 1351 (lic,
870 1304 966 1354 quid
988 1307 1075 1343 est?

220 1371 317 1408 DA.
338 1369 391 1408 ait
408 1369 572 1408 nimium
588 1382 702 1419 parce
716 1370 841 1408 facere
855 1377 1067 1420 sumptum.
1113 1371 1178 1409 Sl.
1201 1371 1339 1411 me'ne?
1378 1373 1475 1410 DA.
1499 1380 1547 1411 te.
1568 1380 1638 1418 450

162 1451 201 1472 20
221 1438 229 1455 ‘
246 1435 330 1473 uix'
351 1434 477 1485 inquit
502 1434 746 1473 ‘drachumis
768 1434 825 1473 est
848 1434 1085 1473 obsonatum
1108 1437 1245 1475 decem
1265 1452 1270 1475 :

223 1514 302 1538 non
323 1500 404 1538 filio
425 1499 580 1538 uide‘tur
601 1499 760 1538 uxorem
781 1501 884 1539 dare.

223 1566 362 1614 quem’
383 1564 509 1614 inquit
533 1564 708 1602 ‘uocabo
729 1565 778 1603 ad
800 1566 939 1604 cenam
962 1579 1139 1605 meorum
1159 1567 1381 1618 aequalium

224 1631 483 1680 potissumum
505 1631 660 1668 nunc?'
690 1629 739 1676 e't,
762 1631 870 1680 quod
891 1630 1104 1670 dicendum
1127 1633 1190 1670 hie
1211 1632 1292 1679 siet,

223 1702 264 1732 tu
285 1695 444 1745 quoque
464 1708 648 1745 perparce
669 1694 834 1732 nimium
853 1710 859 1733 :
890 1709 970 1733 non
992 1696 1121 1736 laudo.
1181 1698 1246 1736 SI.
1278 1705 1374 1736 tace.
1570 1704 1636 1742 455

167 1773 203 1804 25
224 1761 320 1798 DA.
352 1759 563 1799 commoui.
622 1761 687 1798 SI.
719 1774 791 1810 ego
813 1760 932 1800 istaec
954 1761 1057 1800 recte
1078 1770 1119 1800 ut
1140 1763 1233 1800 fiant
1254 1764 1402 1802 uidero.

222 1824 318 1874 quid
339 1838 429 1863 nam
451 1824 527 1863 hoc
548 1832 605 1863 est
626 1825 709 1864 rei?
737 1826 833 1876 quid
855 1827 918 1865 hic
940 1828 1022 1865 uolt
1043 1828 1237 1866 ueterator
1257 1827 1361 1867 sibi?

224 1903 313 1928 nam
336 1890 365 1927 si
387 1891 450 1928 hic
472 1890 599 1928 malist
620 1890 843 1941 quicquam⁷
869 1891 930 1930 em
952 1891 1030 1930 illic
1051 1900 1108 1930 est
1129 1891 1220 1931 huic
1241 1894 1295 1932 rei
1315 1901 1442 1943 caput.

266 2005 329 2034 434
346 2005 453 2034 aeque
471 2019 477 2027 .
499 2019 505 2026 .
527 2019 534 2026 .
554 1995 689 2035 quidem
710 1994 808 2026 Davo
832 1996 975 2027 tribuent
991 1998 1015 2027 Σ
1031 2008 1038 2027 :
1064 2007 1143 2027 corr.
1162 1996 1322 2037 Spengel:
1348 2007 1479 2037 nequeo
1492 2003 1554 2038 pro

225 2049 332 2078 aeque
342 2039 447 2079 legens
459 2038 547 2070 codd.
561 2039 710 2078 sequitur
719 2039 891 2070 Fleckeisen
968 2049 1032 2079 439
1043 2040 1115 2071 eius
1127 2039 1202 2071 add.
1219 2039 1379 2071 Dziateko
1393 2052 1398 2071 :
1412 2047 1553 2081 propter

225 2082 363 2113 huiusce
389 2082 544 2121 hospitae
570 2083 849 2114 consuetudinem
879 2085 925 2114 Σ;
960 2083 1099 2114 huiusce
1117 2087 1256 2123 propter
1271 2085 1553 2116 consuetudinem

226 2126 379 2165 hospitae
391 2125 555 2156 Erasmus
566 2129 594 2156 et
605 2126 690 2166 uolg.
702 2137 709 2156 t
723 2127 976 2158 consuetionem
987 2132 1127 2167 propter
1137 2127 1235 2157 huius
1246 2127 1398 2167 hospitae
1414 2127 1555 2169 Spengel

224 2179 288 2207 442
312 2169 484 2200 Fleckeisen
501 2181 506 2201 :
533 2170 657 2200 etenim
675 2170 749 2209 ipse
770 2170 877 2210 (ipsus
893 2169 940 2209 D)
959 2180 1073 2201 secum
1095 2181 1168 2201 eam
1187 2180 1257 2201 rem
1275 2175 1366 2202 recta
1384 2172 1551 2210 reputauit

225 2213 279 2243 uia
299 2216 345 2244 Σε
368 2214 493 2244 etenim
511 2213 603 2252 ipsus
620 2223 733 2243 secum
759 2223 831 2243 eam
857 2223 927 2243 rem
951 2215 1118 2254 reputauit
1143 2214 1195 2245 uia
1219 2214 1374 2245 Donatus
1396 2219 1425 2245 ct
1440 2215 1552 2256 uolg.:

226 2256 349 2286 etenim
376 2257 469 2296 ipsus
495 2267 569 2287 eam
602 2267 671 2287 rem
699 2261 790 2288 recta
810 2267 835 2287 r.
856 2267 885 2287 n.
913 2257 1043 2297 Bentley
1218 2268 1280 2297 447
1305 2258 1551 2297 aliquantillum

226 2298 375 2339 Bentley:
414 2299 657 2340 aliquantulum
690 2304 749 2330 ant
778 2300 984 2340 aliquantum
1016 2299 1103 2332 codd.
1313 2312 1377 2340 449
1408 2302 1440 2332 id
1472 2301 1548 2333 add.

227 2343 393 2373 Erasnms
549 2353 610 2382 451
638 2344 829 2374 drachumis
851 2345 996 2375 Ritsclzl:
1022 2344 1166 2375 dracmis
1184 2345 1348 2376 drachmis
1366 2345 1513 2384 dragmis
1530 2349 1553 2376 Σ

312 2387 512 2418 obsonatum
532 2387 578 2418 C:
602 2388 783 2418 obsonatus
801 2387 852 2418 uel
865 2393 1049 2428 opsonatus
1065 2392 1128 2420 cett.
1247 2411 1266 2431 0
