1773 2750
764 115 997 154 HECYRA
1492 115 1539 151 V.
1561 113 1606 151 iii

137 236 206 272 810
223 232 311 271 ΡΑ.
345 230 441 282 quid
470 233 524 269 rei'
553 229 643 268 est?
697 228 788 266 BA.
821 234 888 266 tua
918 226 1026 277 qu6d
1061 225 1114 264 nil
1146 239 1185 264 re
1217 227 1297 273 fert,
1328 225 1545 277 percontari

437 293 604 334 desinas.

223 361 310 401 ΡΑ.
343 360 396 399 nil
412 358 541 398 dicam
561 356 698 396 aliud?
752 356 844 395 BA.
877 354 1020 396 etiam:
1051 367 1243 406 cognosse
1258 353 1419 394 anulum
1436 354 1544 394 illum

436 421 651 474 Myrrinam

221 487 361 538 gnatae
398 500 490 527 suae
528 487 655 534 fuisse,
697 498 815 537 quem
855 484 962 537 ipsus
1000 484 1093 524 olim
1132 483 1186 523 mi
1224 483 1396 524 dederat.
1454 486 1541 524 ΡΑ.

434 565 525 590 scio.

222 616 426 657 tantumne
455 618 542 655 est?
596 617 688 655 BA.
721 622 896 655 tantum:
931 614 1054 655 aderit
1078 614 1279 662 continuo,
1301 614 1378 653 hoc
1405 614 1472 654 ubi
1499 629 1545 655 ex
1568 631 1605 663 15

434 688 472 720 te
491 680 695 721 audiuerit.

220 744 289 784 se'd
309 745 469 784 cessas?
523 745 612 783 ΡΑ.
646 743 820 782 minume
848 743 1030 794 equidem
1046 757 1056 792 3
1086 756 1177 783 nam
1205 743 1323 782 hodie
1353 742 1449 782 mihi
1478 756 1546 794 po-

434 815 551 848 testas
570 809 678 848 haud
698 809 826 848 datast
842 824 849 848 ι

132 878 197 923 815
220 875 272 913 ita
292 875 487 914 cursando
506 882 625 925 atque
645 873 888 913 ambulando
909 874 1034 913 totum
1056 874 1161 912 hunc
1183 873 1350 913 contriui
1370 873 1486 913 diem.

220 941 311 979 BA.
356 941 556 988 Quantam
594 938 720 978 obtuli
759 939 935 978 aduentu
975 952 1064 977 meo
1109 937 1295 977 laetitiam
1335 938 1544 989 Pamphilo

434 1003 552 1042 hodie
573 1006 580 1042 i

217 1069 326 1119 quod
347 1069 577 1108 commodas
598 1081 657 1107 res
678 1066 787 1107 attuli
805 1070 812 1106 ἒ
842 1069 949 1118 quod
970 1070 1101 1107 autem
1123 1068 1254 1107 ademi
1275 1070 1409 1107 curas!

216 1141 378 1183 gnatum
418 1135 453 1172 ei
498 1132 672 1181 restituo,
711 1133 835 1184 paene
877 1132 944 1184 qui
993 1134 1129 1172 harum
1179 1132 1378 1184 ipsiusque
1423 1148 1542 1185 opera
1563 1151 1602 1172 20

431 1198 543 1249 periit
560 1213 568 1246 3

217 1263 387 1310 uxorem,
417 1277 535 1314 quam
567 1275 783 1314 numquam
816 1260 873 1301 est
904 1269 1007 1302 ratus
1039 1263 1203 1314 posthac
1233 1277 1273 1303 se
1303 1263 1539 1311 habiturum,

430 1327 577 1376 redd05

130 1399 198 1434 820
216 1406 294 1444 qua
314 1392 352 1432 re
375 1401 579 1444 suspectus
600 1394 672 1432 suo
692 1392 790 1444 patri
812 1392 882 1432 fuit
903 1392 941 1431 et
962 1392 1171 1444 Phidippo,
1195 1393 1342 1433 exsolui
1359 1408 1366 1432 :

216 1457 280 1496 hic
300 1457 400 1497 adeo
421 1457 481 1496 his
503 1458 618 1497 rebus
640 1457 779 1497 anulus
800 1457 872 1496 fuit
893 1457 1045 1496 initium
1068 1457 1333 1497 inueniundis.

216 1536 307 1561 nam
347 1521 508 1562 memini
548 1522 692 1562 abhinc
732 1524 876 1561 mensis
920 1523 1059 1562 decem
1104 1524 1183 1562 fere
1221 1523 1271 1562 aid
1317 1537 1379 1563 me
1425 1531 1540 1564 nocte

429 1601 554 1638 prima

215 1653 424 1702 confugere
444 1651 695 1691 anhelantem
716 1653 880 1692 domum
902 1652 986 1691 sine
1006 1652 1160 1699 comite,
1184 1652 1265 1690 uini
1286 1653 1458 1703 plenum,
1561 1672 1597 1702 25

215 1730 305 1756 cum
344 1718 420 1755 hoc
459 1717 601 1755 anulo:
645 1716 806 1755 extimui
846 1716 958 1755 ilico:
1003 1716 1078 1755 ‘mi
1114 1717 1343 1768 Pamphile‚'
1377 1718 1538 1769 inquam

432 1785 606 1831 ‘amabQ

129 1853 194 1899 825
215 1848 311 1899 quid
351 1847 594 1887 exanimatus
633 1849 797 1888 obsecro
832 1851 902 1888 es?
945 1847 1046 1902 [aut]
1081 1850 1186 1889 unde
1220 1849 1381 1888 anulum
1421 1849 1537 1889 istum

429 1913 606 1952 na'ctu's?

214 1977 278 2017 dic
317 1977 394 2017 mi.’
453 1979 515 2016 ille
553 1977 646 2017 alias
682 1991 740 2017 res
775 1978 886 2028 agere
922 1993 962 2018 se
998 1979 1190 2018 simulare.
1250 1986 1458 2030 postquam
1498 1980 1537 2019 id

428 2044 556 2089 uiden),

214 2108 346 2146 nescio
367 2106 462 2157 quid
483 2107 722 2158 suspiccirien
748 2109 868 2158 magis
890 2108 1003 2159 coepi
1024 2109 1165 2148 instare
1187 2117 1228 2149 ut
1249 2111 1363 2149 dicat.

213 2173 334 2212 homo
355 2171 394 2211 se
416 2173 555 2211 fatetur
576 2172 614 2212 ui
637 2174 675 2211 in
697 2172 759 2212 uia
780 2174 914 2213 nescio
935 2187 1054 2224 quarn
1075 2176 1362 2224 compressisse,
1557 2193 1599 2224 30

257 2275 315 2304 811
357 2273 529 2306 Fleckeisen
547 2286 552 2305 :
588 2274 677 2305 aliud
706 2275 812 2306 dicam
845 2275 930 2306 codd.
1083 2278 1145 2315 813
1185 2277 1355 2308 audiuerit
1386 2276 1536 2316 Bentley:

214 2317 358 2348 audierit
375 2317 463 2348 codd.
596 2319 660 2350 818
684 2317 814 2358 Bentley
828 2330 834 2349 :
859 2319 915 2358 qui
933 2329 1045 2359 paene
1058 2319 1145 2350 codd.
1260 2321 1325 2352 820
1336 2320 1515 2353 Fleckeisen
1531 2332 1537 2351 :

215 2366 248 2390 et
267 2361 432 2400 Phidippo
449 2360 509 2391 suit
524 2360 613 2392 codd.
755 2362 817 2401 825
842 2367 898 2393 aut
914 2362 1046 2394 induxit
1064 2362 1285 2404 Umpfi‘nbaclz
1418 2365 1482 2395 826
1506 2365 1537 2396 id

212 2402 312 2437 D¹E2
327 2414 333 2435 :
357 2413 423 2436 om.
441 2407 506 2435 cett.
