1773 2750
743 107 1012 145 PHORMIO
1482 110 1534 146 II.
1555 108 1569 145 i

130 228 199 262 260
216 222 312 258 DE.
346 233 445 270 egon
467 218 519 257 illi
541 231 621 257 non
640 215 919 255 suscenseam?
948 215 1076 264 ipsum
1092 215 1217 264 gestio
1556 230 1598 260 30

215 284 297 324 dari
318 284 371 322 mi
391 285 430 323 in
451 289 719 333 conspectum,
741 283 847 319 minc
868 293 937 318 sua
957 281 1072 330 culpa
1092 281 1134 318 ut
1155 278 1251 318 sciat

214 348 343 388 lenem
363 356 512 399 patrem
532 347 641 386 illum
662 346 808 386 factum
829 358 892 384 me
912 358 997 383 esse
1016 343 1274 384 acerrumum.

213 415 305 452 ΡΗ
337 414 446 463 atqui
465 411 561 451 nihil
580 410 682 458 fecit,
704 410 850 460 patrue,
872 411 981 460 quod
1001 408 1241 448 suscenseas.

212 480 310 517 DE.
343 491 434 516 ecce
453 479 585 515 autem
606 475 746 515 similia
766 475 922 515 omnia!
952 489 1089 515 omnes
1110 476 1328 525 congruont
1345 489 1352 512 :

128 549 192 594 265
213 545 334 582 unum
356 555 477 593 quom
497 540 602 580 noris
623 540 751 580 omnis
770 540 886 579 noris.
944 542 1038 579 ΡΗ
1070 541 1177 579 haud
1197 539 1296 578 itast.
1556 550 1595 582 35

211 609 308 646 DE.
340 606 404 644 hic
424 606 463 644 in
484 605 647 652 nexiast,
669 605 733 643 ille
752 606 803 644 ad
823 604 1116 644 defendendam
1138 606 1297 643 calisam
1317 604 1427 643 adest
1443 618 1453 652 3

211 685 332 721 quom
353 670 463 718 illest,
486 670 549 708 hic
570 676 784 720 praestost:
815 669 974 708 tradunt
994 682 1132 721 operas
1153 672 1320 708 mutuas.

215 737 305 775 GE.
337 735 459 785 probe
480 735 620 774 h6rum
640 735 742 773 facta
761 733 975 784 inpri'idens
996 733 1171 784 depinxit
1191 747 1320 773 senex.

210 802 307 839 DE.
340 814 431 838 nam
452 799 492 838 ni
512 798 610 838 haec
630 799 683 838 ita
702 806 843 847 essent,
862 812 952 837 curn
973 800 1039 837 illo
1060 800 1166 838 haud
1182 806 1313 846 stares,
1333 798 1533 838 Phaedria.

127 875 193 910 270
210 867 303 904 ΡΗ
336 864 367 903 si
388 872 456 911 est,
480 864 626 914 patrue,
650 865 806 914 culpam
826 871 869 902 ut
889 854 1067 914 Antipho
1088 863 1190 902 inse
1215 863 1426 912 admiserit,
1553 874 1596 904 40

211 944 257 969 ex
277 930 355 980 qua
374 943 413 968 re
434 929 563 968 minus
583 929 637 968 rei
657 930 756 968 foret
775 936 843 968 aut
862 930 989 967 famae
1009 927 1243 978 temperans,

210 1009 291 1034 non
312 997 471 1034 causam
490 995 581 1034 dico
600 995 696 1044 quin
717 994 826 1044 quod
846 993 1006 1032 meritus
1026 994 1074 1032 sit
1094 994 1200 1032 ferat.

210 1061 280 1099 sed
301 1061 332 1099 si
352 1060 438 1110 quis
459 1061 557 1098 forte
577 1058 723 1097 malitia
743 1060 862 1098 fretus
883 1072 953 1097 sua

210 1126 370 1164 insidias
391 1132 546 1164 nostrae
565 1123 657 1163 fecit
676 1123 966 1163 adulescentiae

125 1204 188 1241 275
209 1203 256 1229 ac
275 1189 379 1236 uicit,
402 1196 561 1228 nostran
582 1190 697 1239 culpa
716 1196 799 1228 east
817 1203 867 1227 an
888 1188 1076 1236 iudicum,
1553 1196 1593 1227 45

209 1254 275 1305 qui
296 1254 412 1304 saepe
433 1261 590 1304 propter
609 1253 799 1292 inuidiam
818 1253 999 1293 adimunt
1019 1253 1132 1293 diuiti

208 1326 274 1357 aut
293 1319 450 1369 prepter
470 1317 776 1357 misericordiam
795 1319 949 1357 addunt
968 1318 1159 1368 patiperi?

213 1385 304 1423 GE.
336 1383 376 1422 ni
396 1383 554 1422 nossem
575 1395 744 1429 causam,
766 1381 966 1421 crederem
986 1396 1079 1422 uera
1099 1384 1205 1421 hunc
1226 1383 1344 1434 loqui.

208 1450 307 1487 DE.
337 1462 389 1487 an
409 1450 615 1498 quisquam
637 1447 754 1486 iudex
773 1447 831 1486 est
851 1447 918 1498 qui
938 1448 1061 1498 possit
1081 1449 1244 1488 nescere

124 1519 191 1554 280
209 1521 276 1552 tua
295 1513 407 1560 iusta,
428 1512 497 1552 ubi
517 1520 599 1552 tute
619 1511 785 1552 uerbum
804 1526 886 1552 non
906 1514 1157 1563 respondeas,
1182 1546 1185 1547 γ
1554 1531 1595 1563 50

208 1578 261 1617 ita
280 1586 322 1617 ut
343 1580 406 1618 ille
426 1578 546 1617 fecit?
601 1579 695 1617 ΡΗ
727 1579 884 1617 functus
903 1578 1227 1617 adulescentulist

206 1643 379 1682 officium
400 1643 568 1682 liberalis
585 1658 592 1682 :
622 1649 832 1694 postquam
852 1643 904 1682 ad
923 1642 1073 1682 iudices

208 1710 420 1756 uentumst,
442 1722 522 1747 non
543 1708 670 1758 potuit
690 1707 858 1758 cegitata
877 1708 1083 1758 proloqui3

209 1772 262 1812 ita
281 1775 372 1812 eum
393 1781 476 1812 tum
497 1772 680 1812 timidum
701 1772 833 1812 subito
853 1774 1060 1822 stupefecit
1079 1774 1221 1823 pudor,

123 1838 187 1883 285
213 1839 304 1878 GE.
335 1839 455 1877 laudo
475 1839 591 1877 hunc.
651 1839 721 1877 sed
742 1850 853 1877 cesso
873 1838 980 1877 adire
1000 1851 1119 1888 quam
1139 1838 1309 1889 primum
1331 1839 1495 1877 senem?
1552 1854 1592 1886 55

208 1916 282 1950 ere,
305 1903 434 1942 salue:
465 1904 615 1942 saluom
637 1910 674 1942 te
694 1902 903 1942 aduenisse
922 1903 1087 1953 gaudeo.
1146 1904 1244 1942 DE.
1276 1904 1340 1951 oh,

207 1968 312 2007 bone
332 1970 475 2015 custos,
498 1969 616 2015 salue,
639 1969 822 2007 columen
843 1981 938 2007 uero
959 1967 1138 2015 familiae,

208 2031 302 2082 quoi
322 2031 600 2072 commendaui
621 2030 744 2071 filium
765 2031 858 2070 hinc
877 2029 1014 2071 abiens
1034 2046 1177 2072 meum.

214 2098 303 2136 GE.
336 2096 413 2135 iam
434 2097 585 2136 dudum
607 2103 644 2135 te
665 2096 793 2135 omnis
814 2097 886 2136 nes
906 2110 1090 2136 accusare
1109 2096 1230 2136 audio

125 2173 193 2208 290
210 2159 390 2200 inmerito
411 2168 448 2199 et
468 2174 531 2199 me
551 2162 703 2199 horunc
722 2160 900 2199 omnium
920 2160 1237 2200 inmeritissumo.
1551 2156 1594 2188 60

254 2265 317 2302 265
342 2274 415 2294 cum
440 2263 531 2295 noris
555 2264 614 2295 A:
637 2264 795 2304 cognoris
827 2266 850 2295 Σ
880 2268 909 2294 et
937 2263 1094 2295 Donatus
1240 2273 1302 2303 275
1326 2266 1477 2294 nostram
1509 2266 1533 2295 Σ

205 2310 334 2347 praeter
346 2306 378 2337 F
378 2307 410 2338 ¹:
435 2312 548 2338 nostra
563 2307 634 2338 AF
635 2307 645 2326 ¹
795 2308 857 2346 284
881 2307 994 2339 subito
1009 2311 1098 2347 stup.
1119 2306 1246 2338 Ritsclzl
1256 2317 1263 2338 ι
1287 2306 1331 2338 ibi
1354 2306 1533 2349 stupefecit

211 2350 265 2381 uel
278 2350 499 2390 obstupefecit
514 2350 601 2382 codd.
