1773 2750
692 109 999 147 ADELPHOE
1452 110 1503 146 ΙΙ.
1527 109 1574 146 iv

180 222 271 259 AE.
303 234 373 271 age
403 221 543 271 inepte,
577 219 687 270 quasi
722 232 827 257 nunc
861 220 941 256 non
972 218 1146 256 norimus
1180 220 1251 257 nos
1286 219 1384 257 inter
1423 232 1504 264 nos,

394 285 593 335 Ctesipho.

180 352 256 389 hoc
290 350 384 388 mihi
422 351 539 397 dolet,
574 363 644 388 nos
680 352 765 390 sero
803 351 963 390 rescisse
1002 353 1039 390 et
1071 365 1151 389 rem
1183 364 1308 401 paene
1342 351 1380 389 in
1416 354 1506 389 etim

392 416 521 452 locum

181 479 335 525 redisse,
355 486 396 516 ut
417 479 447 516 si
468 492 606 518 omnes
627 482 814 529 cuperent
836 479 905 518 tibi
928 479 981 518 nil
1002 481 1162 529 possent
1183 478 1409 517 auxiliarier.

185 543 264 581 CT.
309 543 493 593 pudebat.
552 544 645 581 AE.
677 544 737 590 ah,
768 543 965 582 stultitiast
986 544 1116 591 istaec,
1140 543 1219 582 non
1241 544 1378 593 pudor.
1426 551 1505 582 tam
1529 561 1567 583 10

393 608 445 645 ob
465 608 665 657 paruolam

93 686 157 723 275
179 685 260 710 rem
291 673 416 722 pae'ne
449 686 471 710 e
502 672 647 722 patria!
678 675 789 723 ttirpe
824 672 942 711 dictu.
1002 673 1099 711 deos
1131 685 1279 722 quaeso
1311 680 1353 711 ut
1389 672 1509 712 istaec

391 736 635 786 prohibeant.

181 802 260 839 CT.
292 800 464 850 peeca'ui.
504 802 595 839 ΑΕ.
618 801 714 852 quid
729 806 782 840 a'it
802 802 961 840 tandem
983 801 1098 840 nobis
1114 801 1290 840 Sainnio?
1329 803 1362 841 S
1372 803 1410 840 Y.
1433 801 1509 839 iam

391 866 494 904 mitis
515 874 583 904 est.

176 931 268 967 AE.
305 943 377 980 ego
397 931 447 968 ad
463 931 589 969 forum
611 931 688 978 ibo,
705 939 746 969 ut
763 932 868 969 hunc
887 931 1108 979 absoluam3
1134 938 1175 969 tu
1197 932 1298 970 intro
1317 933 1368 970 ad
1389 931 1504 978 illam,

391 995 591 1045 Ctesipho.
1453 1035 1457 1037 ,

177 1060 256 1097 SA.
299 1060 401 1109 Syre,
434 1061 543 1098 insta.
616 1062 648 1100 S
657 1062 695 1098 Y.
729 1073 864 1099 eamus
883 1076 891 1108 3
935 1061 1107 1110 namque
1146 1059 1210 1098 hic
1247 1068 1428 1111 properat
1466 1062 1505 1100 in

390 1126 575 1175 Cyprum.
636 1126 716 1164 SA.
750 1139 829 1163 non
851 1126 930 1163 tam
952 1125 1125 1175 quidem,

175 1201 294 1238 quam
325 1190 407 1227 uis:
449 1189 566 1228 etiarn
601 1203 742 1228 maneo
774 1189 922 1229 otiosus
961 1191 1034 1228 hic.
1095 1191 1129 1229 S
1138 1191 1177 1228 Y.
1209 1191 1416 1230 reddetur:
1455 1192 1504 1230 ne
1526 1209 1562 1240 15

389 1254 492 1292 time.

87 1326 156 1360 280
176 1320 255 1359 SA.
290 1327 329 1357 at
349 1328 391 1358 ut
411 1321 529 1359 omne
550 1321 697 1359 reddat.
770 1321 803 1358 S
812 1321 851 1358 Y.
883 1319 1002 1358 omne
1023 1320 1161 1359 reddet
1179 1335 1190 1367 3
1219 1320 1305 1359 tace
1322 1321 1443 1360 modo
1459 1334 1504 1360 ac

389 1398 550 1434 sequere
571 1386 654 1423 hac.
716 1386 795 1425 SA.
829 1398 981 1434 sequor.
1004 1408 1057 1412 —

179 1450 214 1488 C
217 1451 258 1487 T.
292 1451 388 1488 heus
404 1451 512 1497 heus,
529 1451 631 1499 Syre.
675 1451 755 1489 SY.
780 1449 875 1499 quid
892 1451 979 1488 est?
1022 1451 1057 1489 C
1060 1451 1101 1488 T.
1127 1449 1291 1490 obsecro
1308 1457 1345 1489 te
1362 1451 1502 1498 hercle,

389 1514 590 1553 hominem
611 1514 728 1552 istum
750 1514 1056 1565 inpurissumum

174 1592 290 1629 quam
313 1580 481 1629 primum
501 1579 748 1626 absoluitote‚
772 1592 833 1626 ne,
856 1579 887 1617 si
908 1579 1030 1629 magis
1051 1579 1228 1618 inritatus
1249 1579 1330 1627 siet,

173 1645 303 1694 aliqua
332 1645 382 1683 ad
412 1651 561 1694 patrem
592 1646 668 1683 hoc
699 1646 901 1694 permanet
931 1652 1049 1695 atque
1084 1658 1156 1694 ego
1191 1647 1273 1684 ttim
1313 1652 1503 1696 perpetuo

388 1709 576 1759 perierim.

176 1775 209 1812 S
219 1776 255 1812 Y.
299 1788 379 1813 non
404 1776 481 1821 fiet,
504 1774 611 1812 bono
634 1774 767 1812 animo
794 1775 834 1812 es
855 1789 860 1812 :
900 1782 940 1812 tu
962 1787 1052 1812 cum
1073 1774 1137 1813 illa
1157 1782 1195 1813 te
1221 1776 1324 1814 intus
1349 1776 1502 1815 oblecta
1523 1788 1562 1811 20

388 1839 541 1878 interim

88 1913 152 1958 285
174 1912 211 1943 et
232 1906 394 1943 lectulos
416 1905 506 1943 iube
528 1904 645 1943 sterni
666 1903 780 1942 nobis
801 1905 838 1942 et
859 1904 983 1956 parari
1003 1906 1141 1943 cetera.

172 1982 245 2019 ego
259 1969 335 2007 iam
349 1977 541 2008 transacta
555 1970 593 2008 re
607 1976 837 2008 conuortam
852 1971 914 2007 me
928 1970 1091 2007 domum
1108 1983 1199 2008 cum
1214 1969 1392 2009 obsonio.

176 2034 255 2072 CT.
288 2033 341 2072 ita
372 2035 528 2084 quaeso.
589 2034 749 2084 quando
777 2034 852 2072 hoc
882 2033 983 2073 be‘ne
1015 2034 1212 2082 successit,
1244 2036 1365 2073 hilare
1396 2036 1502 2074 hunc

386 2101 586 2137 sumamus
607 2098 723 2137 diem.

219 2217 281 2247 272
303 2207 476 2238 Fleckeisen
495 2218 501 2238 :
535 2218 597 2238 nos
629 2218 738 2247 paene
770 2218 848 2239 sero
879 2208 984 2239 scisse
1017 2213 1050 2238 et
1083 2218 1191 2247 paene
1223 2207 1255 2238 in
1289 2218 1364 2239 eum
1392 2208 1501 2239 locum

175 2251 263 2282 codd.
281 2263 287 2282 ε
313 2262 374 2282 nos
389 2262 498 2291 paene
511 2261 587 2282 sero
605 2252 710 2282 scisse
727 2256 761 2282 et
776 2252 809 2282 in
822 2262 896 2282 eum
915 2261 984 2282 rem
1001 2251 1111 2282 locum
1129 2251 1233 2282 Bentl.
1346 2253 1408 2291 278
1433 2262 1501 2282 non

176 2294 332 2334 Madvig:
359 2305 402 2324 ne
419 2294 509 2326 codd.
608 2304 671 2334 279
694 2305 794 2334 quam
812 2295 862 2325 uis
878 2294 1050 2325 Donatus:
1079 2294 1232 2334 quamuis
1249 2294 1339 2326 codd.
1440 2296 1503 2325 281

174 2342 207 2367 te
225 2348 291 2369 om.
309 2337 354 2367 Α2
370 2336 516 2369 DEFG
670 2339 732 2376 284
757 2344 789 2369 te
814 2338 920 2378 intus]
949 2339 1037 2368 intus
1061 2342 1094 2368 te
1117 2338 1150 2366 A
1309 2339 1370 2377 287
1396 2338 1503 2369 hilare

173 2380 353 2410 Paumier:
380 2380 520 2412 hilarem
538 2380 626 2412 codd.
647 2393 654 2411 ι
677 2381 734 2411 sed
748 2381 862 2411 hilaris
879 2387 932 2421 ap.
956 2382 1022 2412 Ter.
1041 2391 1105 2410 non
1124 2381 1280 2421 reperitur
