1773 2750
111 98 180 136 IV.

137 611 179 644 30

138 933 177 965 35

137 1323 180 1353 40

136 1712 177 1743 45

139 2043 181 2076 50

200 98 214 135 i
622 99 661 136 P.
695 100 947 137 TERENTI
979 100 1111 137 AFRI

199 208 445 259 quantasque
465 209 528 247 hic
549 208 720 247 consiliis
742 208 820 247 suis
842 206 973 262 [mihi]
996 209 1181 248 conflauit
1202 210 1485 250 sollicitudines
1547 223 1617 268 650

199 285 310 311 meus
344 272 536 311 carnufex.
611 274 700 312 CH.
743 272 839 323 quid
873 272 972 311 istuc
1011 280 1090 312 tam
1125 273 1303 313 mirumst
1341 274 1392 313 de
1426 283 1463 314 te
1498 275 1529 314 si

414 339 637 388 exemplum
658 336 791 387 capit?

198 404 285 440 ΡΑ.
318 404 423 441 haud
445 404 543 441 istuc
565 402 682 449 dicas,
698 403 730 441 si
746 402 925 452 cognoris
947 403 1009 441 uel
1030 417 1093 442 me
1114 405 1176 442 uel
1192 403 1366 443 amore'm
1383 417 1526 443 meum.

202 468 291 506 CH.
323 467 428 505 scio:
458 470 548 506 ciim
570 475 678 517 patre
699 466 894 505 altercasti
915 468 1066 506 dudum
1089 476 1126 506 et
1148 469 1178 507 is
1199 482 1305 507 nunc
1326 469 1532 519 propterea

414 532 483 571 tibi

199 597 400 636 suscenset
420 611 494 636 nec
514 605 552 636 te
572 597 698 648 quiuit
719 597 838 636 hodie
859 598 997 648 cogere
1018 597 1123 636 illam
1145 606 1187 636 ut
1208 599 1382 637 duceres.

198 662 287 700 ΡΑ.
318 661 441 701 immo
462 662 590 710 etiam,
613 676 692 712 quo
713 670 755 700 tu
776 663 904 700 minus
926 662 1000 700 scis
1020 662 1226 700 aerumnas
1247 675 1366 709 meas,
1548 676 1591 720 55
1598 684 1614 720 5

200 726 298 764 haec
317 726 477 776 nuptiae
497 740 578 765 non
598 727 888 777 adparabantur
909 725 1003 763 mihi

200 805 273 830 nec
293 792 517 842 postulabat
536 795 643 830 minc
663 791 872 841 quisquam
893 791 1053 829 uxorem
1075 792 1178 830 dare.

204 858 293 896 CH.
325 856 407 895 scio
427 871 433 894 :
463 860 504 895 tii
526 865 684 895 coactus
706 857 773 895 tua
793 858 996 895 uoluntate
1017 856 1069 895 e's.
1127 858 1215 894 ΡΑ.
1240 870 1381 895 mane:

199 934 281 959 non
301 922 397 959 dum
417 921 503 960 scis.
567 922 655 960 CH.
687 920 769 959 scio
790 921 975 970 equidem
996 922 1101 958 illam
1122 921 1333 959 ducturum
1355 920 1439 960 esse
1460 929 1508 960 te.

198 987 287 1024 ΡΑ.
318 999 418 1036 quor
438 999 501 1025 me
522 986 682 1025 enicas?
711 987 787 1024 hoc
807 986 900 1024 audi
919 1001 926 1024 z
956 999 1172 1035 numquam
1194 984 1342 1024 destitit
1549 998 1619 1032 660

198 1050 352 1098 instare,
366 1055 417 1089 ⁴ut
437 1051 609 1090 dicerem
630 1064 693 1089 me
713 1051 923 1089 ducturum
944 1050 1043 1100 patri
1060 1064 1070 1098 ;

199 1115 374 1163 suadere,
398 1129 507 1155 orare
527 1129 653 1166 usque
673 1116 774 1154 adeo
795 1116 924 1155 donec
944 1115 1123 1166 pe'rpulit.

203 1182 293 1220 CH.
315 1180 402 1231 quis
430 1182 552 1219 homo
579 1182 708 1219 istuc?
764 1181 851 1218 ΡΑ.
877 1182 1024 1219 Dauos.
1088 1181 1177 1219 CH.
1202 1180 1368 1219 Dauos?
1425 1178 1529 1233 [ΡΑ.

414 1245 656 1285 interturbat.
719 1243 828 1297 CH]
859 1258 977 1295 quam
998 1245 1050 1283 ob
1070 1246 1182 1283 rem?
1237 1247 1324 1283 ΡΑ.
1357 1245 1516 1293 nescim

199 1310 273 1349 nisi
294 1311 348 1349 mi
368 1312 464 1350 deos
487 1309 595 1363 [satis
616 1308 714 1362 scio]
736 1310 855 1348 fuisse
875 1309 992 1348 iratos
1013 1309 1078 1359 qui
1099 1308 1414 1347 auscultauerim.

203 1377 292 1416 CH.
324 1377 470 1414 factum
502 1376 578 1414 hoc
613 1382 681 1422 est,
716 1376 858 1413 Daue?
923 1375 1021 1412 DA.
1066 1374 1224 1412 factum.
1301 1373 1391 1414 CH.
1426 1374 1529 1422 hem,
1550 1375 1616 1420 665

414 1440 511 1491 quid
530 1445 586 1478 ais
603 1442 619 1478 ?
647 1440 667 1478 ὁ
687 1441 813 1478 scelus
831 1443 837 1477 ἒ

199 1514 237 1545 at
258 1506 327 1545 tibi
349 1506 389 1545 di
410 1506 573 1557 dignum
595 1505 705 1544 factis
726 1504 886 1544 exitium
907 1504 1020 1543 duint
1041 1507 1047 1542 1

200 1573 286 1618 eho,
310 1572 374 1610 dic
395 1571 458 1618 mi,
483 1570 514 1609 si
535 1584 673 1609 omnes
693 1571 799 1608 hunc
821 1569 1043 1609 coniectum
1064 1569 1103 1607 in
1125 1568 1279 1619 nuptias

199 1635 346 1674 inimici
369 1637 525 1683 uellent,
549 1636 657 1685 quod
678 1635 751 1674 nisi
773 1634 980 1674 consilium
1001 1635 1078 1672 hoc
1098 1635 1266 1672 darent?

199 1702 294 1739 DA.
327 1700 516 1751 deee‘ptus
538 1714 635 1747 sum,
659 1708 697 1738 at
718 1713 798 1738 non
820 1699 1062 1749 defetigatus,
1126 1699 1214 1737 CH.
1247 1697 1340 1737 scio.

197 1768 293 1805 DA.
327 1768 399 1804 hac
420 1767 500 1805 non
521 1765 720 1813 successit,
742 1765 816 1803 alia
835 1764 1109 1814 adgrediemur
1128 1762 1192 1801 uia
1210 1778 1217 1801 :
1549 1771 1619 1814 670

198 1831 271 1870 nisi
292 1833 329 1870 si
345 1833 384 1870 1'd
405 1839 529 1881 putas,
553 1831 645 1881 quia
665 1831 792 1881 primo
813 1830 1001 1880 processit
1021 1842 1168 1879 parum,

199 1910 279 1936 non
299 1897 416 1947 posse
436 1896 513 1934 iam
534 1898 584 1935 ad
606 1898 772 1935 saltitem
793 1894 973 1934 conuorti
993 1895 1070 1933 hoc
1090 1895 1248 1932 malum.

198 1963 286 2000 ΡΑ.
318 1961 441 2000 immo
462 1961 579 2000 e'tiam
593 1976 603 2009 3
633 1974 725 1999 nam
746 1960 838 1999 satis
858 1960 988 2007 credo,
1012 1958 1043 1997 si
1062 1957 1347 2009 aduigilaueris,

199 2040 246 2065 ex
266 2025 353 2064 unis
373 2026 548 2076 geminas
570 2025 666 2064 mihi
687 2025 872 2064 conficies
894 2024 1059 2074 nuptias.

198 2092 295 2130 DA.
327 2104 411 2141 ego,
435 2090 652 2141 Pamphile,
675 2092 751 2129 hoc
772 2090 842 2128 tibi
863 2090 933 2140 pro
954 2088 1112 2127 seruitio
1132 2087 1271 2134 debeo,
1547 2095 1614 2139 675

199 2155 331 2195 conari
353 2155 535 2194 manibus
556 2155 725 2206 pedibus
747 2154 952 2204 noctisque
974 2153 1011 2192 et
1031 2152 1126 2200 dies,

243 2261 308 2300 650
330 2260 507 2292 Fleckeisen
524 2271 529 2289 z
555 2259 625 2290 suis
642 2268 733 2289 cons.
756 2258 836 2288 mihi
855 2260 878 2289 Σ
967 2239 1124 2287 conflauit
1140 2255 1314 2286 Donatus:
1342 2253 1485 2284 confecit
1504 2257 1528 2285 Σ

199 2305 265 2344 656
288 2305 371 2335 haec
391 2303 568 2334 Donatus:
593 2303 657 2333 hae
685 2304 708 2331 Σ
840 2301 901 2331 661
929 2300 1106 2330 ducturum
1135 2298 1315 2328 Donatus:
1350 2297 1525 2328 ducturum

201 2358 277 2378 esse
294 2350 318 2378 Σ
450 2348 525 2386 663,
542 2347 605 2385 664
629 2344 694 2376 secl.
716 2343 846 2384 Bentley
971 2343 1034 2381 665
1060 2352 1080 2373 ο
1097 2341 1174 2373 add.
1191 2340 1335 2382 Spengel
1462 2342 1528 2371 668

201 2390 396 2422 Fleckeisen:
420 2390 483 2420 hoc
506 2389 680 2420 consilium
698 2391 722 2420 Σ
853 2388 914 2425 671
942 2386 969 2418 si
987 2384 1061 2417 add.
1082 2385 1215 2425 Bentley
