1773 2750
529 118 803 157 HEAVTON
833 118 1255 157 TIMORVMENOS
1466 118 1543 155 III.
1565 117 1595 154 ii

143 241 210 277 530
228 229 430 269 hominem
450 229 612 280 pistrino
639 230 826 278 dignum!
882 229 915 266 S
925 229 963 265 Y.
996 229 1144 277 quem?
1201 228 1291 266 CH
1324 227 1451 266 istunc
1472 227 1544 266 ser-

442 296 578 333 uolum

229 359 320 399 dico
339 357 611 406 adulescentis,
671 358 703 396 S
714 358 751 396 Y.
784 358 886 408 Syre,
910 356 981 395 tibi
1001 356 1114 394 timui
1134 357 1235 394 male
1255 359 1262 394 1
1568 368 1608 389 20

230 425 320 462 CH
344 423 409 473 qui
422 423 559 473 passus
572 430 630 461 est
643 422 684 461 id
699 421 792 460 fieri.
843 422 875 460 S
886 423 924 459 Y.
947 420 1042 471 quid
1056 420 1228 460 faceret?
1273 422 1362 460 CH
1388 422 1548 471 Rogas?

227 487 376 537 aliquid
396 486 588 537 reperiret,
611 487 773 535 fingeret
792 484 973 531 fallacias,

229 553 335 590 unde
355 551 456 590 e'sset
475 550 719 589 adulescenti
739 549 888 588 amicae
909 551 1018 599 qudd
1039 552 1158 597 daret,

140 629 205 666 535
227 623 346 666 atque
366 617 472 654 hune
492 615 690 654 difficilem
712 614 879 653 inuitum
900 614 1069 653 seruaret
1091 628 1236 653 senem.

227 683 258 720 S
269 682 307 719 Y.
341 682 481 720 Garris.
542 682 631 719 CH
665 681 762 718 haec
782 681 884 718 facta
903 679 954 717 ab
974 681 1040 718 sslo
1061 679 1276 730 oportebz‘zt,
1300 681 1402 729 Syre.
1570 689 1606 719 25

227 746 259 784 S
270 746 308 783 Y.
340 746 416 784 eho
437 744 583 795 quaeso
604 746 740 784 laudas
762 746 830 794 qui
850 758 935 783 eros
957 745 1126 783 fallunt?
1183 746 1273 783 CH
1307 745 1345 782 {n
1367 746 1457 783 loco

227 823 299 860 ego
319 810 414 849 ue'ro
434 811 563 849 laudo.
623 811 655 849 S
665 811 704 848 Y.
736 809 840 848 re'cte
860 823 964 848 sane.
1024 811 1116 848 CH
1148 811 1294 859 quippe
1314 808 1382 860 qui

228 875 455 925 magnarum
477 888 594 925 saepe
615 874 656 913 id
676 874 893 913 remedium
914 874 1238 924 aegritudinumst
1255 889 1262 912 ε

141 952 208 988 540
227 941 290 977 uel
305 939 381 977 iam
402 940 494 978 huic
515 938 721 977 mansisset
742 938 880 977 unicus
899 941 1039 990 gnatus
1060 938 1179 977 domi.

226 1005 259 1042 S
270 1005 308 1042 Y.
340 1003 481 1043 i0c6ne
501 1017 550 1042 an
572 1003 671 1042 serio
693 1005 756 1042 ille
776 1005 874 1042 haec
895 1003 999 1043 dicat
1020 1003 1154 1042 nescio
1172 1018 1178 1050 3
1568 1011 1609 1042 30

227 1067 301 1106 nisi
322 1068 417 1106 mihi
438 1068 599 1118 quidem
620 1067 730 1106 addit
751 1068 925 1106 {inimum
947 1081 1027 1117 quo
1049 1068 1180 1106 lubez'tt
1202 1068 1334 1118 magis.

228 1131 319 1170 CH
350 1139 388 1170 et
408 1133 514 1170 mine
535 1131 630 1181 quid
653 1131 861 1182 exspectat,
884 1133 1007 1181 Syre?
1035 1145 1084 1170 an
1106 1133 1201 1170 dum
1223 1131 1287 1170 hic
1308 1131 1441 1170 denuo

225 1195 352 1242 abeait,
374 1209 496 1245 quom
517 1197 680 1234 tolerare
701 1195 764 1235 ille
785 1196 900 1234 huius
921 1204 1100 1247 sumptus
1121 1197 1202 1235 n6n
1223 1198 1372 1245 queat?

141 1272 204 1309 545
226 1273 358 1298 nonne
374 1261 424 1299 {id
440 1274 574 1299 senem
591 1261 762 1310 aliquam
779 1260 965 1299 fzibricam
982 1261 1121 1310 fingit?
1178 1262 1210 1299 S
1222 1262 1259 1298 Y.
1292 1260 1457 1300 st6lidus
1478 1268 1546 1299 est.

229 1325 318 1363 CH
351 1332 389 1363 at
410 1332 447 1363 te
468 1324 643 1364 adiutare
664 1325 817 1375 op6rtet
837 1324 1123 1363 adulescentuli
1567 1334 1606 1365 35

225 1389 350 1427 causei.
411 1390 443 1428 S
455 1390 493 1427 Y.
526 1389 637 1428 facile
659 1389 842 1439 equidem
864 1389 990 1428 fz'xcere
1010 1402 1186 1439 possum,
1206 1391 1237 1428 si
1258 1388 1368 1428 iubes
1384 1403 1393 1436 ;

224 1455 369 1492 etenim
390 1467 470 1504 quo
490 1463 606 1504 pacto
627 1454 667 1493 id
689 1454 771 1493 fieri
793 1455 915 1493 soleat
936 1454 1070 1492 czilleo.

226 1520 316 1557 CH
349 1527 458 1558 tanto
479 1519 608 1558 hercle
629 1519 775 1558 melior.
836 1520 868 1558 S
878 1520 917 1557 Y.
949 1519 1030 1557 ndn
1051 1526 1108 1557 est
1129 1518 1284 1557 mentiri
1304 1532 1448 1557 meum.

136 1592 205 1629 550
225 1585 315 1623 CH
347 1585 408 1622 fac
443 1584 543 1634 ergo.
603 1586 635 1624 S
646 1586 684 1622 Y.
716 1592 755 1622 at
786 1584 884 1622 heus
915 1591 968 1631 tn,
1000 1583 1117 1622 facito
1151 1584 1246 1622 dum
1281 1584 1420 1622 eadem
1450 1584 1547 1622 haec

438 1648 672 1696 memineris,

223 1713 338 1753 huius
360 1714 490 1764 siquid
510 1714 635 1753 simile
656 1715 754 1753 f6rte
775 1714 989 1764 aliquando
1009 1712 1194 1760 euenerit,
1565 1728 1607 1758 40

222 1787 264 1817 ut
285 1782 375 1818 sunt
395 1781 578 1827 humana,
602 1782 689 1818 tuos
710 1787 752 1818 ut
773 1779 887 1818 faciat
909 1779 1021 1817 filius.

225 1846 315 1883 CH
348 1858 429 1883 non
446 1847 538 1884 usus
554 1844 697 1892 ueniet,
715 1843 837 1895 spero.
899 1845 931 1882 S
943 1845 980 1882 Y.
1013 1857 1126 1893 spero
1143 1844 1272 1882 hercle
1289 1842 1361 1893 ego
1374 1855 1547 1893 quoque,

222 1923 353 1960 neque
375 1911 422 1949 ec'>
444 1925 549 1949 nunc
570 1911 661 1949 dico
682 1911 761 1961 qud
784 1909 996 1960 quicquam
1018 1909 1127 1947 illum
1150 1908 1336 1947 se'nserim
1352 1923 1362 1956 ,-

136 1987 199 2024 555
221 1976 291 2013 sed
311 1976 343 2013 si
363 1975 470 2025 quid,
494 1990 543 2014 ne
564 1975 669 2026 quid.
730 1974 830 2025 quae
851 1974 899 2013 sit
920 1974 1002 2013 eius
1023 1974 1129 2013 aeta'ts
1150 1973 1286 2021 uides;

221 2047 258 2078 et
280 2053 328 2078 ne
350 2039 421 2090 e'go
443 2048 491 2088 te,
515 2040 546 2079 si
567 2054 660 2079 usus
682 2039 825 2087 ueniat,
849 2038 1065 2089 magnifice,
1090 2040 1291 2084 Chremes,
1563 2049 1604 2081 45

221 2105 383 2144 tractare
403 2105 562 2155 possim.
623 2105 713 2144 CH
746 2105 796 2144 de
818 2105 926 2152 istoc,
950 2117 1071 2154 quom
1093 2117 1185 2142 usus
1206 2102 1367 2150 uenerit,

221 2169 447 2208 uidebimus
468 2170 564 2220 quid
586 2170 684 2220 6pus
706 2169 753 2208 sit
771 2185 777 2208 :
808 2183 914 2208 nunc
934 2168 1034 2208 istuc
1054 2182 1193 2219 age.—

264 2282 328 2312 540
352 2273 405 2303 uel
430 2271 507 2304 add.
534 2272 706 2303 Fleckeisen
871 2282 932 2311 541
960 2271 1015 2302 ille
1042 2271 1124 2302 haec
1149 2270 1302 2310 Bentley:
1338 2270 1431 2301 illaec
1457 2269 1545 2302 codd.

222 2325 285 2355 543
309 2316 363 2346 hic
388 2315 447 2346 A:
482 2316 559 2347 hinc
585 2319 647 2346 cett.
827 2326 890 2355 544
915 2315 970 2346 ille
999 2315 1098 2346 huius
1122 2313 1316 2345 Fleckeisen:
1341 2313 1429 2345 illius
1456 2313 1542 2345 codd.

221 2369 282 2398 551
309 2359 406 2391 huius
423 2360 532 2400 siquid
548 2359 740 2392 Fleckeisen:
766 2359 794 2390 si
810 2360 890 2399 quid
907 2359 1007 2390 huius
1023 2357 1111 2390 codd.
