1773 2750
152 123 263 161 III.i
680 127 719 162 P.
753 125 1003 165 TERENTI
1034 127 1166 163 AFRI

249 253 306 285 tot
327 248 432 285 meas
454 246 612 286 iniurias
633 260 733 297 quae
754 260 972 297 numquam
993 247 1032 285 in
1055 249 1134 286 ullo
1155 249 1337 298 patefecit
1358 250 1457 287 loco.

248 311 318 349 sed
340 311 524 361 magnum
546 311 680 350 nescio
701 312 796 361 quid
817 319 1014 350 necessest
1035 311 1224 359 euenisse,
1249 313 1453 359 Pa'rmeno,

190 384 228 416 25
248 375 354 413 unde
375 376 429 413 ira
448 374 548 414 inter
567 389 632 414 eas
653 375 869 415 intercessit
890 376 990 426 quae
1011 383 1091 415 tam
1112 377 1324 427 permansit
1345 377 1424 416 diu.
1593 386 1658 423 305

246 441 377 479 PAR.
408 448 475 480 aut
498 442 608 491 quid,
632 455 706 488 ere,
733 444 923 492 paruom!
954 443 986 481 si
1012 442 1071 481 uis
1098 456 1192 481 uero
1219 441 1353 482 ueram
1382 441 1572 481 rationem

461 505 633 557 e'xsequi,

246 583 326 610 non
356 570 563 610 maxumae
592 585 657 610 eas
691 585 791 622 quae
826 571 1031 611 maxumae
1061 579 1152 611 sunt
1185 573 1383 611 interdum
1413 571 1490 610 irae
1519 571 1573 610 in-

461 636 580 675 iuriae

245 699 415 747 faciunt;
456 714 547 740 nam
581 715 698 752 saepe
731 708 800 749 est,
832 702 975 752 quibus
1010 702 1050 741 in
1088 703 1204 741 rebus
1239 702 1335 741 alius
1370 716 1419 741 ne
1454 701 1571 741 iratus

198 755 200 757 ‚
459 765 620 816 quidem
650 773 718 812 est,

245 842 366 880 quom
388 830 438 869 de
460 830 599 869 eadem
620 838 774 869 causast
795 831 1005 870 iracundus
1026 832 1150 869 factus
1171 830 1487 869 inimicissumus.

184 910 225 941 30
244 893 352 944 pueri
374 896 474 934 inter
493 908 578 934 sese
599 895 718 945 quam
739 909 809 946 pro
830 895 984 934 leuibus
1005 895 1130 934 noxiis
1151 895 1224 934 iras
1244 886 1382 945 &erunt
1402 899 1408 933 1
1589 908 1658 942 310

243 958 509 1010 quapropter?
551 958 643 1009 quia
672 958 778 998 enim
808 959 876 1009 qui
904 960 971 999 eos
999 960 1190 1009 gubernat
1220 959 1374 998 animus
1401 974 1491 999 eum
1516 959 1570 999 in-

458 1024 614 1062 firmum
634 1031 784 1073 gerunt.

243 1086 379 1126 itidem
401 1088 488 1127 illae
509 1087 690 1127 mulieres
711 1096 801 1127 sunt
822 1090 943 1128 ferme
965 1097 1006 1128 ut
1027 1089 1136 1140 pueri
1158 1089 1233 1128 leui
1255 1088 1448 1128 sententia
1468 1104 1474 1127 :

242 1152 403 1191 sortasse
434 1165 557 1191 unum
586 1152 747 1204 aliquod
778 1152 944 1193 ue'rbum
974 1153 1073 1193 inter
1097 1168 1161 1193 eas
1190 1155 1285 1193 iram
1312 1155 1414 1193 hanc
1442 1154 1569 1193 conci-

457 1218 560 1256 uisse
580 1219 649 1256 ita.

242 1282 381 1321 PAM.
413 1281 489 1329 abi,
513 1282 718 1330 Parmeno,
746 1283 847 1322 intro
876 1297 922 1322 ac
952 1284 1014 1322 me
1045 1283 1200 1323 uenisse
1231 1283 1376 1323 nuntia.
1436 1285 1566 1323 PAR.

456 1348 559 1395 hem,
582 1348 678 1398 quid
698 1349 774 1387 hoc
795 1348 885 1387 est?
940 1350 1080 1388 PAM.
1113 1357 1209 1388 tace.

182 1421 223 1452 35
242 1410 425 1462 trepidari
446 1411 572 1451 sentio
589 1412 627 1451 et
643 1412 787 1451 cursari
808 1415 960 1452 rursum
981 1427 1172 1464 prorsum.
1222 1415 1351 1453 PAR.
1374 1426 1444 1463 age
1458 1413 1565 1459 dum,
1587 1424 1652 1462 315

454 1478 505 1517 ad
526 1479 626 1517 fores

240 1541 389 1581 accedo
409 1542 580 1593 propius.
640 1542 714 1590 em,
738 1542 951 1582 sensistin?
1005 1545 1146 1583 PAM.
1179 1543 1260 1583 no'li
1280 1543 1496 1582 fabularier.

240 1620 311 1658 pro
346 1607 534 1658 Iuppiter,
567 1609 781 1648 clamorem
810 1608 957 1649 audiui.
1015 1611 1146 1649 PAR.
1187 1611 1270 1648 tute
1300 1611 1472 1660 loquere,
1504 1606 1567 1647 me

454 1680 574 1711 uetas.

239 1737 381 1789 (MV.)
411 1745 496 1777 tace
517 1738 693 1786 obsecro,
717 1752 804 1778 mea
823 1739 950 1790 gnata.
1009 1740 1150 1779 PAM.
1183 1738 1314 1778 matris
1341 1739 1419 1778 uox
1447 1737 1568 1778 uisast

454 1802 724 1843 Philumenae.

238 1869 368 1907 nullus
389 1881 486 1907 sum.
544 1870 674 1908 PAR.
699 1869 765 1919 qui
782 1870 908 1908 dum?
962 1870 1106 1909 PAM.
1129 1869 1235 1921 perii.
1294 1870 1423 1908 PAR.
1447 1881 1565 1918 quam

453 1934 505 1972 ob
526 1935 638 1972 rem?
693 1936 833 1973 PAM.
866 1933 1000 1974 nescio
1021 1936 1130 1985 quod
1151 1936 1337 1985 magnum
1359 1934 1505 1972 malum

180 2016 224 2049 40
238 1998 427 2050 profecto,
449 2000 652 2046 Parmeno,
677 2013 740 2038 me
760 2001 873 2039 celas.
932 2002 1062 2039 PAR.
1095 2002 1255 2039 uxorem
1278 1999 1553 2037 Philumenam
1585 2009 1653 2045 320

237 2063 411 2114 pauitare
430 2063 565 2103 nescio
586 2065 682 2114 quid
707 2064 887 2103 dixerunt
904 2080 910 2102 :
941 2066 981 2103 1'd
1002 2064 1033 2103 si
1053 2066 1152 2104 forte
1173 2072 1231 2103 est
1251 2063 1396 2102 ne'scio.

279 2168 345 2207 306
369 2167 564 2199 Fleckeisen:
604 2167 691 2199 haud
722 2168 858 2207 quidem
890 2167 1003 2200 hercle
1034 2168 1124 2200 codd.
1280 2178 1343 2208 307
1369 2167 1564 2198 Fleckeisen:

238 2221 409 2242 maxumas
427 2236 433 2242 .
455 2236 461 2243 .
483 2235 491 2243 .
512 2212 650 2242 iniurias
666 2211 754 2243 codd.
896 2221 958 2250 311
985 2222 1062 2243 eum
1079 2210 1183 2243 AD1:
1214 2222 1279 2243 om.
1300 2215 1365 2242 cett.
1499 2220 1563 2249 313

237 2256 426 2286 coneiuisse
458 2254 638 2286 Donatus:
671 2254 873 2285 concluserit
899 2255 957 2285 A:
991 2256 1193 2287 conciuisset
1224 2256 1294 2286 21²:
1330 2254 1516 2286 conciuerit
1541 2257 1564 2284 Σ

237 2298 283 2329 ita
299 2298 376 2330 add.
392 2297 555 2329 Deiatzko
657 2308 719 2337 317
744 2299 882 2338 loquere
898 2297 1109 2339 Engelbrccltt
1124 2311 1130 2330 :
1155 2299 1305 2338 loqueris
1322 2298 1411 2329 codd.
1501 2308 1565 2337 320

237 2342 386 2382 profecto
405 2345 428 2373 Σ
446 2354 452 2373 :
477 2346 657 2382 prospecto
675 2341 707 2371 A
