1773 2750
157 96 187 133 Ι.
209 96 239 132 ii
627 97 667 133 P.
700 95 952 133 TERENTI
983 96 1116 133 AFRI

210 205 395 256 cupiebat
415 212 452 245 et
474 205 673 245 metuebat
694 205 898 245 absentem
920 213 1081 257 patrem.

209 273 307 310 DA.
339 284 430 318 non,
454 273 486 310 si
505 271 677 319 redisset,
702 272 737 310 ei
757 279 866 322 pater
885 271 1042 311 ueniam
1062 273 1204 311 daret?

151 351 190 385 70
214 337 304 376 GE.
337 336 400 375 ille
421 338 640 376 indotatam
660 336 851 387 uirginem
871 344 990 387 atque
1011 337 1226 387 ignobilem
1556 348 1622 374 120

209 402 318 440 daret
339 401 424 440 illi?
454 415 671 452 numquam
692 402 845 440 faceret.
903 403 1000 440 DA.
1033 401 1129 452 quid
1150 403 1192 440 fit
1212 401 1414 453 denique?

213 467 304 506 GE.
337 465 432 516 quid
453 467 541 504 fiat.
533 468 550 495 Ρ
578 474 636 505 est
655 467 847 516 parasitus
867 466 1029 516 quidam
1051 466 1253 514 Phormio,

210 531 331 570 homo
352 531 581 570 confidens.
611 531 678 581 qui
699 532 807 569 illum
830 531 869 569 di
891 544 1028 569 omnes
1049 530 1256 581 perduint.
1251 535 1256 559 ¹

210 597 307 634 DA.
339 595 465 646 quid
456 609 486 633 1s
507 595 619 634 feeit
611 597 628 625 Ρ
688 597 778 636 GE.
811 597 887 634 hoc
908 596 1115 635 consilium
1132 597 1240 647 quod
1257 596 1386 635 dicam
1402 596 1535 636 dedit:

151 675 189 708 7·
213 663 295 699 ‘lex
315 660 372 700 est
393 668 434 699 ut
455 661 584 707 orbae,
607 662 675 710 qui
695 660 771 699 sint
791 674 933 711 genere
953 660 1620 711 pr6xumi,12s

210 726 265 765 eis
286 726 448 784 nubarjt,
456 732 558 783 'et
528 725 615 765 illos
627 727 780 803 ducere
800 727 944 797 eadem
961 727 1058 765 haec
1079 725 1139 765 lex
1159 726 1278 765 iubet.

209 855 414 906 paternum
435 855 606 894 amicum
628 868 691 894 me
711 854 961 894 adsimulabo
981 855 1167 905 uirginis:

209 922 259 959 ad
280 920 429 959 iudices
449 919 655 959 ueniemus
672 935 679 959 ι
709 920 776 970 qui
797 921 910 959 fuerit
931 927 1049 970 pater,

148 991 189 1022 80
208 998 310 1036 quae
331 985 464 1033 mater,
486 985 554 1035 qui
574 985 741 1035 cognata
761 985 832 1024 tibi
853 985 911 1032 sit,
936 984 1069 1023 omnia
1089 985 1186 1023 haec
1559 991 1626 1027 130

209 1051 433 1100 confingam
451 1065 457 1088 :
487 1051 595 1100 quod
616 1049 687 1088 erit
708 1049 803 1088 mihi
826 1050 976 1088 bonum
998 1056 1116 1099 atque
1137 1049 1408 1097 commodum,

213 1128 334 1165 quom
355 1122 397 1153 tu
417 1115 558 1154 horum
580 1114 634 1152 nil
654 1114 815 1161 refelles,
839 1114 996 1153 uincam
1018 1114 1175 1152 scilicet.

213 1187 322 1230 pater
341 1179 464 1218 aderit
481 1195 488 1218 :
518 1179 614 1218 mihi
634 1180 791 1230 paratae
811 1179 898 1218 lites
915 1194 921 1217 :
951 1180 1048 1229 quid
1069 1180 1186 1217 mea?

211 1244 276 1283 illzi
296 1244 457 1295 quidem
478 1252 610 1283 nostra
630 1246 724 1283 erit)
781 1246 879 1283 DA.
911 1244 1124 1283 iocularem
1144 1243 1361 1283 audaciam.

149 1314 189 1354 85
216 1311 306 1349 GE.
339 1310 604 1360 persuasumst
624 1309 800 1348 homini:
829 1310 1036 1348 factumst:
1065 1316 1291 1348 uentumst:
1321 1309 1538 1349 uincimur:
1561 1320 1622 1358 135

211 1375 330 1412 duxit.
389 1376 486 1412 DA.
519 1374 615 1424 quid
650 1376 809 1413 narras?
870 1376 961 1414 GE.
994 1375 1069 1414 hoc
1102 1375 1211 1425 quod
1244 1374 1369 1414 audis.
1438 1377 1535 1414 DA.

424 1440 448 1477 6
470 1440 581 1486 Geta,

209 1502 305 1554 quid
326 1502 363 1542 te
384 1505 626 1542 futurumst?
686 1505 776 1544 GE.
809 1503 943 1543 nescio
964 1505 1119 1552 hercle3
1148 1517 1271 1542 unum
1293 1504 1369 1542 hoc
1390 1504 1482 1551 scio,

210 1569 318 1619 quod
338 1569 416 1608 fors
437 1569 532 1608 feret
552 1568 720 1608 feremus
741 1582 869 1619 aequo
889 1569 1035 1608 animo.
1093 1570 1190 1607 DA.
1224 1570 1352 1618 placet
1375 1584 1381 1607 :

211 1647 284 1681 em,
307 1633 407 1672 istuc
428 1633 537 1672 uirist
557 1634 742 1673 officium.
807 1636 898 1674 GE.
930 1634 969 1672 in
991 1647 1054 1673 me
1075 1634 1204 1672 omnis
1225 1634 1313 1685 spes
1335 1633 1479 1673 mihist.

148 1714 191 1747 90
210 1700 308 1738 DA.
339 1700 469 1738 laudo.
533 1700 624 1739 GE.
656 1699 707 1738 ad
727 1706 969 1750 precatorem
991 1699 1132 1738 adeam
1153 1700 1272 1738 credo
1293 1701 1361 1750 qui
1381 1699 1477 1738 mihi
1562 1706 1627 1741 140

210 1763 265 1802 sic
286 1764 369 1803 oret
386 1779 393 1802 :
426 1767 552 1803 ‘nunc
573 1765 709 1804 amitte
729 1777 877 1815 quaeso
898 1765 1004 1803 hunc
1020 1779 1029 1812 3
1058 1764 1232 1803 ceterum

210 1829 374 1880 posthac
395 1829 426 1867 si
447 1830 672 1880 quicquam,
695 1831 749 1868 nil
769 1832 930 1880 precor!
989 1832 1141 1868 tantum
1164 1830 1287 1869 modo

209 1908 290 1934 non
311 1894 420 1933 addit
438 1910 444 1933 :
478 1899 486 1915 ‘
502 1895 569 1934 ubi
590 1908 663 1946 ego
684 1895 776 1934 hinc
797 1895 941 1943 abiero,
965 1897 1027 1934 uel
1049 1894 1246 1934 occidito!

209 1961 306 1998 DA.
339 1959 435 2010 quid
455 1959 706 2011 paedagogus
728 1962 791 2000 ssle
812 1961 879 2011 qui
900 1960 1173 2000 citharistriam
1190 1962 1206 1998 ?

147 2037 188 2070 95
210 2024 306 2075 quid
320 2026 374 2063 rei
386 2025 514 2074 gerit?
575 2027 666 2065 GE.
699 2026 764 2073 sic,
781 2025 959 2065 tenuiter.
1018 2028 1115 2064 DA.
1144 2038 1223 2063 non
1238 2026 1406 2063 multum
1419 2025 1539 2064 habet
1561 2036 1623 2074 145

210 2090 318 2140 quod
340 2089 407 2128 det
428 2091 620 2129 fortasse?
681 2092 771 2131 GE.
804 2092 927 2129 immo
948 2090 1000 2129 nil
1022 2090 1095 2143 nisi
1117 2090 1227 2140 spe'm
1249 2103 1407 2129 meram.

260 2203 318 2232 127
345 2193 452 2225 dicam
475 2197 552 2235 post
575 2194 717 2226 scribam
745 2205 810 2226 om.
841 2193 905 2225 EG
931 2194 991 2234 qui
1018 2195 1088 2225 sine
1110 2193 1208 2225 dubio
1233 2194 1340 2225 dicam
1368 2198 1539 2234 petperam

210 2237 399 2278 intellegunt
542 2248 603 2278 130
627 2239 760 2278 cognati
789 2238 822 2269 A
969 2247 1029 2277 132
1053 2239 1165 2269 uincat
1192 2237 1225 2267 A
1379 2247 1439 2277 135
1465 2248 1538 2278 per-

211 2286 378 2312 suasumst
398 2280 431 2311 A
447 2292 453 2313 :
479 2282 648 2321 persuasit
666 2286 690 2314 Σ
852 2292 912 2320 140
934 2282 1051 2312 adeam
1069 2281 1101 2311 A
1121 2285 1149 2312 el
1164 2281 1335 2321 Eugraplz.
1356 2282 1388 2312 in
1407 2282 1515 2313 Iemm.
1532 2293 1540 2313 t

211 2325 329 2355 abeam
348 2328 371 2356 Σ
387 2329 414 2356 et
430 2325 516 2357 Don.
536 2326 569 2356 in
586 2326 696 2356 Iemm.
715 2325 762 2356 bis
898 2336 954 2364 141
982 2326 1097 2356 amitte
1112 2325 1144 2355 A
1165 2330 1192 2356 et
1208 2325 1330 2356 Donal.
1350 2336 1356 2355 :
1381 2326 1498 2356 omitte
1517 2329 1541 2355 Σ

218 2378 275 2407 145
301 2368 387 2407 gerit
405 2369 457 2399 uel
470 2369 533 2400 erit
551 2373 574 2401 Σ
590 2381 596 2402 :
621 2374 717 2409 geret
734 2369 766 2399 A
