1773 2750
240 98 283 136 C.
303 98 548 137 SVETONI
571 98 926 146 TRANQVILLI
942 98 1080 136 VITA
1101 99 1142 135 P.
1160 98 1413 136 TERENTI
1435 98 1567 135 AFRI

333 201 476 236 lenibus
501 208 612 247 atque
638 201 779 236 utinam
805 200 951 245 scriptis
978 201 1151 235 adiuncta
1175 199 1267 235 foret
1294 200 1350 235 uis

336 259 488 302 comica,
514 266 552 294 ut
578 266 734 305 aequato
760 258 876 293 uirtus
902 258 1053 303 polleret
1079 259 1219 293 honore

336 329 420 352 cum
447 317 611 361 Graecis,
637 328 730 352 neue
757 317 826 350 hac
853 316 1050 361 despectus
1077 322 1179 361 parte
1206 315 1356 350 iaceres.

336 387 448 410 unum
475 376 546 410 hoc
572 386 737 409 maceror
761 385 805 408 ac
831 375 939 409 doleo
964 373 1030 409 tibi
1057 374 1177 417 desse,
1204 374 1364 412 Terenti.

510 513 850 552 AVCTARIVM
888 513 1044 550 AELII
1084 513 1162 552 DO
1170 513 1303 551 NATI

297 625 402 658 Haec
437 622 634 658 Suetonius
667 622 912 668 Tranquillus.
968 634 1056 657 narn
1090 624 1183 658 duos
1218 624 1414 658 Terentios
1441 630 1570 669 poetas

244 681 357 716 fuisse
375 680 499 716 scribit
521 680 698 723 Maecius,
717 692 870 726 quorum
889 681 981 715 alter
999 681 1236 725 Fregellanus
1254 681 1360 716 fuerit
1379 681 1574 716 Terentius

247 739 350 782 Libo,
363 740 454 774 alter
466 739 654 774 libertinus
667 739 863 773 Terentius
881 739 970 773 Afer
984 740 1112 784 patria,
1125 740 1171 774 de
1189 750 1262 784 quo
1273 751 1369 774 nunc
1381 739 1576 785 loquimur.

250 797 433 842 Scipionis
450 797 593 831 fabulas
611 796 773 832 edidisse
792 796 1007 832 Terentium
1024 797 1215 841 Vagellius
1233 797 1271 831 in
1288 797 1432 832 actione
1449 797 1499 831 ait
1517 807 1525 831 :

389 884 505 926 Tuae,
531 883 693 925 Terenti,
720 894 812 928 quae
840 890 1017 917 uocantur
1042 881 1188 918 fabulae

389 941 491 976 cuiae
517 941 628 975 sunt?
661 952 735 975 non
762 941 842 983 has,
869 941 946 975 iura
972 941 1033 986 qui
1059 941 1202 986 populis
1228 941 1352 984 dabat,

390 1007 535 1030 summo
562 996 621 1030 ille
647 996 786 1030 honore
810 997 974 1038 affectus,
1002 996 1087 1031 fecit
1112 996 1284 1031 fabulas?

249 1085 344 1119 duae
371 1084 418 1118 ab
444 1083 672 1128 Apollodoro
697 1084 896 1117 translatae
921 1095 1003 1118 esse
1028 1083 1199 1118 dicuntur
1225 1084 1376 1126 comico,
1405 1083 1578 1117 Phormio

249 1150 284 1176 et
315 1143 484 1185 Hecyra:
520 1148 675 1186 quatuor
702 1140 862 1185 reliquae
889 1151 911 1174 a
939 1141 1158 1175 Menandro.
1207 1153 1250 1176 ex
1279 1141 1411 1187 quibus
1441 1151 1578 1185 magno

250 1211 422 1235 successu
465 1206 500 1234 et
537 1199 654 1244 pretio
697 1199 795 1234 stetit
837 1199 1041 1233 Eunuchus
1080 1199 1227 1235 fabula:
1281 1201 1430 1245 Hecyra
1469 1210 1579 1243 saepe

248 1260 406 1302 exclusa,
426 1258 485 1292 uix
502 1263 586 1292 acta
603 1264 669 1292 est.

295 1370 315 1390 2
338 1358 420 1390 Post
434 1359 559 1390 comica
576 1369 642 1389 non
653 1363 730 1398 post
745 1359 795 1389 uis
811 1369 889 1390 cum
902 1359 1066 1400 plerisque
1081 1358 1150 1390 edd.
1170 1358 1314 1390 dtstinxi.
1507 1372 1525 1399 4
1542 1370 1580 1390 ac

252 1404 351 1434 doleo
369 1402 457 1434 codd.
474 1414 482 1434 t
505 1403 644 1433 aureolo
660 1402 796 1433 Rilsclzl.
