1773 2750
763 115 983 151 ANDRIA
1506 117 1532 152 Ι.
1555 125 1584 149 ν

210 227 411 264 tantumne
431 238 511 264 rem
534 233 613 264 tam
634 226 880 275 neclegenter
900 226 1012 274 tigere
1031 229 1036 263 ἶ
1068 226 1304 275 praeteriens
1326 229 1446 265 modo

211 290 262 327 mi
301 290 407 340 :ipud
444 291 570 328 forum
607 294 722 328 ‘uxor
759 289 828 328 tibi
868 290 1097 335 ducendast,
1142 291 1356 339 Pzimphile‚
1398 291 1537 330 hodie*

424 354 576 404 inquit:
608 357 730 404 ‘para‚

121 430 186 467 255
210 419 275 458 Abi
295 419 484 457 domum.'
540 418 581 457 id
602 417 697 456 mihi
714 419 836 456 uisust
857 417 987 456 dicere
1008 420 1017 437 ⁴'
1031 417 1095 456 a'bi
1113 417 1190 456 cito
1203 431 1248 456 ac
1262 419 1460 469 suspende
1475 422 1536 457 te.'
1558 437 1596 458 22

209 482 391 532 obstipui.
450 483 595 521 censen
616 496 679 521 me
699 483 864 521 uerbum
885 481 1060 532 potuisse
1079 483 1202 520 ullum
1224 483 1434 532 proloqui?
1470 491 1537 522 aut

207 548 328 585 ullam
348 560 518 593 causam,
541 546 713 597 ineptam
735 548 872 585 saltem
893 546 1029 584 failsam
1050 546 1225 596 iniquam
1242 548 1258 584 ?
1288 548 1479 586 obmutui,

208 612 317 661 quod
337 610 368 649 si
389 623 462 660 ego
482 610 684 649 rescissem
715 611 754 649 id
783 610 904 660 prius,
923 610 1019 661 quid
1049 610 1227 657 facerem,
1252 611 1283 649 si
1313 611 1400 661 quis
1429 626 1536 650 nunc

422 675 484 713 me
505 682 612 725 roget
631 689 638 712 :

206 739 355 789 ziliquid
375 741 552 785 facerem,
572 747 613 777 ut
634 740 710 778 hoc
731 752 780 777 ne
800 740 978 778 facerem.
1039 740 1108 778 sed
1129 753 1234 778 nunc
1251 739 1346 790 quid
1367 740 1535 790 primum

421 803 608 853 exsequar
621 806 637 842 ?

121 869 189 905 260
207 869 263 906 tot
303 881 365 906 me
403 867 610 917 inpediunt
657 871 783 915 curae,
824 881 925 918 quae
968 881 1099 906 meum
1139 868 1315 907 zinimum
1355 869 1534 909 diuorsae
1559 884 1598 916 25

419 933 600 971 trahunt:

204 1010 323 1044 amor,
348 997 612 1036 misericordia
632 996 757 1043 huius,
781 996 1007 1046 nuptia'trum
1030 997 1263 1044 sollicita'tio,

204 1071 287 1100 tum
309 1061 426 1112 pz'ttris
446 1063 586 1112 pudor,
607 1061 674 1112 qui
704 1063 766 1101 me‘
797 1070 876 1100 tam
904 1062 981 1100 leni
1009 1063 1145 1111 peissus
1167 1070 1224 1101 est
1251 1062 1384 1101 animo
1412 1067 1535 1113 (isque

417 1127 549 1165 adhuc

205 1205 305 1241 quae
339 1192 429 1230 meo
462 1205 663 1242 quomque
693 1192 827 1230 animo
862 1192 1066 1230 lubitumst
1099 1193 1235 1231 facere.
1294 1192 1358 1231 ein
1390 1193 1462 1242 ego
1491 1201 1533 1232 ut

418 1257 631 1295 aduorser?
661 1258 696 1295 ei
716 1257 811 1294 mihi
829 1260 835 1294 1

206 1321 434 1360 incertumst
465 1321 560 1370 quid
591 1334 712 1370 agam.
785 1323 844 1358 M
850 1322 888 1359 Y.
928 1323 1065 1360 misera
1105 1322 1225 1360 timeo
1260 1326 1268 1342 ‘
1284 1322 1532 1361 incertumst²

421 1387 496 1424 hoc
516 1398 702 1435 quorsum
723 1385 885 1424 ziccidat.

119 1458 183 1503 265
205 1452 274 1490 sed
295 1452 480 1501 pe‘ropust
501 1463 606 1488 nunc
626 1458 692 1488 aut
713 1451 818 1488 hunc
841 1464 929 1488 cum
953 1450 1036 1500 ipsa
1060 1459 1126 1489 aut
1147 1452 1196 1490 de
1218 1450 1281 1489 illa
1301 1451 1448 1501 aliquid
1470 1465 1534 1490 me
1555 1464 1594 1494 30

417 1517 628 1554 aduorsum
650 1516 755 1554 hunc
776 1516 881 1565 loqui
901 1531 907 1553 z

203 1582 298 1619 dum
340 1581 379 1618 in
422 1580 582 1619 dubiost
619 1579 784 1627 animus,
826 1582 943 1631 paulo
984 1588 1187 1620 momento
1226 1582 1303 1619 huc
1342 1582 1404 1619 uel
1442 1580 1533 1620 illuc

418 1645 623 1695 inpellitur.

202 1712 289 1749 ΡΑ.
333 1710 420 1760 quis
459 1709 522 1747 hic
560 1709 761 1759 loquitur?
836 1710 971 1760 Mysis,
1010 1711 1126 1748 szilue.
1204 1711 1261 1748 M
1268 1712 1306 1748 Y.
1350 1724 1373 1749 o
1412 1712 1529 1755 salue,

418 1773 633 1824 Pzimphile.
692 1776 779 1812 ΡΑ.
812 1774 908 1824 quid
928 1775 1035 1823 agit?
1091 1776 1149 1812 M
1156 1775 1195 1812 Y.
1218 1777 1361 1825 rogas?

203 1840 353 1878 laborat
373 1853 395 1878 e
416 1840 551 1878 d016re
571 1847 689 1889 atque
710 1853 757 1878 ex
777 1841 852 1878 hoc
876 1841 1014 1878 misera
1037 1839 1249 1888 sollicitzist,
1274 1840 1379 1879 diem

203 1904 294 1955 quia
314 1904 407 1944 olim
429 1904 468 1942 in
489 1905 594 1943 hunc
611 1911 701 1943 sunt
717 1904 953 1943 constitutae
969 1904 1138 1954 nuptiae.
1199 1912 1281 1943 tum
1302 1912 1432 1944 autem
1455 1906 1530 1944 hoc

416 1969 537 2016 timet,

118 2047 185 2083 270
202 2048 252 2073 ne
273 2036 429 2073 deseras
450 2048 500 2073 se.
559 2036 646 2073 ΡΑ.
680 2036 771 2074 hem
792 2047 893 2085 egon
915 2035 1015 2072 istuc
1035 2035 1168 2072 conari
1188 2037 1360 2084 queam?
1551 2050 1591 2081 35

202 2112 303 2149 egon
322 2100 481 2149 propter
501 2112 563 2137 me
583 2099 688 2137 illam
710 2099 839 2149 decipi
860 2099 1041 2137 miseram
1059 2098 1195 2145 sinam,

202 2177 304 2214 quae
324 2164 419 2202 mihi
440 2177 553 2203 suom
573 2164 749 2202 animum
770 2171 888 2214 atque
910 2164 1069 2202 omnem
1091 2163 1212 2202 uitam
1234 2163 1408 2210 credidit,

245 2269 308 2306 264
335 2267 570 2298 ‘incertumst'
595 2268 658 2299 hoc
684 2267 804 2298 Klette:
830 2267 1018 2298 ‘incertum
1035 2267 1042 2277 ’
1066 2267 1129 2297 hoc
1147 2270 1195 2297 Στ
1232 2267 1417 2297 ‘incertum
1433 2266 1440 2280 ’
1466 2267 1527 2297 hoc

201 2321 345 2350 quorsus
369 2311 498 2342 accidat
520 2310 653 2351 Bentley
802 2311 864 2349 265
890 2310 1083 2341 Fleckeisen:
1110 2320 1198 2340 nunc
1224 2320 1370 2350 peropus
1395 2315 1470 2342 est.
1491 2335 1498 2342 .
1520 2335 1526 2342 .

202 2354 327 2394 aliquid
345 2355 387 2385 de
405 2354 459 2385 ina
477 2357 500 2385 Σ
632 2363 696 2392 270
720 2364 757 2385 se
773 2364 838 2385 om.
856 2353 918 2384 EG
1006 2353 1081 2384 hem
1099 2363 1165 2384 om.
1188 2353 1216 2384 G
