1773 2750
153 126 220 163 IV.

178 445 221 477 40

176 768 216 799 45

164 1805 206 1836 60

243 125 288 161 iv
662 128 701 164 P.
734 127 988 166 TERENTI
1020 129 1151 166 AFRI

242 236 334 287 (nec
355 237 645 276 conuenturum
667 236 766 276 inte'r
786 250 859 277 nos
874 238 1044 288 ‘posthac
1064 237 1256 290 arbitror),
1273 237 1277 240 ’
1336 240 1341 242 ’

241 314 359 352 quam
381 302 434 340 ob
454 301 535 340 re'm
557 303 771 341 redducam
788 305 804 342 ?
861 304 950 341 LA.
982 303 1105 342 mater
1124 306 1234 354 quod
1254 305 1374 344 suasit
1395 318 1474 353 sua,
1587 310 1658 346 660

239 366 473 406 adulescens
494 367 633 406 mulier
654 367 756 406 fe'cit.
815 367 1093 408 mirandumne
1113 369 1153 408 id
1174 371 1264 409 est?

240 431 385 470 censen
405 439 443 470 te
464 445 579 482 posse
600 432 766 482 reperire
787 434 907 471 ullam
928 433 1143 482 mulierem,

239 508 340 546 quae
361 496 489 535 careat
509 498 654 547 culpa?
682 507 733 536 an
754 499 822 548 qui
841 510 923 537 non
943 499 1147 538 delincunt
1167 499 1272 539 uiri?

237 562 333 599 PH.
364 557 675 601 uosmet-uidete
695 562 787 611 iam,
808 564 962 602 Laches
982 571 1019 602 et
1040 571 1081 602 tu
1103 564 1318 615 Pamphile,

238 627 426 665 remissam
448 640 547 677 opus
568 627 616 666 sit
637 627 763 675 uobis,
786 629 1006 667 redductan
1028 624 1191 668 domum
1209 645 1215 668 :
1589 634 1656 680 665

238 698 375 730 neutra
396 692 435 729 in
457 704 497 730 re
517 692 631 731 uobis
653 693 862 732 difficultas
883 693 904 731 a
925 707 988 732 me
1009 693 1090 732 erit.
1143 690 1146 691 ⁷
1186 690 1190 691 ⁷
1213 702 1217 703 ’
1244 702 1247 703 ’
1412 703 1416 704 ’
1461 690 1467 693 ’

237 757 333 795 uxor
354 756 450 806 quid
470 756 596 803 faciat,
621 758 661 795 in
683 770 802 796 manu
823 771 905 796 non
927 758 984 796 est
1005 767 1103 797 mea.

237 822 306 860 sed
328 822 423 870 quid
445 820 633 859 faciemus
654 824 806 872 puero?
861 824 949 860 LA.
980 822 1142 861 ridicule
1163 836 1297 874 rogas:

236 885 431 935 quidquid
452 887 683 933 futurumst‚'
696 887 789 924 huic
810 899 923 925 suom
944 888 1089 926 reddas
1107 888 1264 936 scilicet,

235 958 277 988 ut
297 950 447 989 alamus
469 958 659 989 nostrum.
718 953 806 990 ΡΑ.
839 965 958 1002 quem
980 953 1063 1002 ipse
1084 954 1253 1002 neglexit
1274 961 1396 1004 pater,
1585 961 1656 1004 670

235 1027 307 1065 ego
340 1016 473 1054 alam?
539 1017 628 1055 LA.
660 1016 757 1067 quid
792 1016 918 1056 dixti?
958 1018 1034 1055 eho
1068 1030 1118 1056 an
1149 1019 1230 1056 non
1261 1020 1424 1066 alemus,
1457 1020 1567 1058 Pam-

449 1080 588 1131 phile?

177 1163 188 1171 -
233 1146 446 1197 prodemus
468 1159 616 1196 quaeso
636 1146 767 1197 potius
784 1149 800 1186 ?
829 1160 930 1197 quae
950 1148 1049 1186 haec
1068 1147 1309 1187 amentiast?

232 1211 337 1250 enim
360 1211 454 1250 uero
475 1225 614 1262 prosus
635 1212 712 1251 iam
734 1220 861 1251 tacere
882 1213 963 1252 non
984 1226 1088 1263 queo
1102 1228 1113 1262 3

232 1290 323 1315 nam
344 1276 452 1327 co'gis
473 1290 518 1316 ea
539 1290 641 1328 quae
662 1279 755 1317 nolo
776 1285 818 1317 ut
839 1286 1044 1329 praesente
1064 1279 1141 1318 hoc
1161 1280 1308 1330 loquar.

231 1341 408 1392 ignarum
430 1355 567 1382 censes
589 1343 742 1381 tuarum
764 1345 1024 1382 lacrumarum
1047 1343 1131 1383 esse
1152 1347 1245 1383 me?
1581 1341 1647 1396 675

230 1415 297 1446 aut
318 1408 414 1458 quid
436 1407 484 1446 sit
505 1407 545 1447 id
567 1410 676 1458 quod
699 1409 906 1448 sollicitere
926 1411 977 1447 ad
998 1410 1104 1448 hunc
1125 1411 1321 1450 modum?

197 1490 208 1497 -
229 1472 399 1522 primum
422 1472 524 1512 hane
546 1473 614 1512 ubi
635 1474 731 1513 dixti
753 1477 922 1522 causam,
946 1482 984 1514 te
1004 1475 1163 1526 propter
1183 1483 1290 1514 tuam

229 1538 394 1577 matrem
415 1551 496 1577 non
517 1552 634 1589 posse
655 1538 800 1578 habe're
820 1541 923 1578 hanc
944 1540 1105 1579 uxorem
1126 1541 1246 1588 domi,

226 1603 437 1653 pollicitast
458 1617 503 1642 ea
524 1617 565 1642 se
585 1605 862 1643 concessuram
883 1618 929 1644 ex
948 1604 1125 1644 aedibus.

226 1681 333 1707 nunc
353 1669 565 1719 postquam
585 1670 813 1720 ademptam
835 1671 938 1709 hanc
958 1671 1119 1721 quoque
1139 1671 1209 1710 tibi
1231 1672 1389 1710 causam
1411 1671 1534 1719 uides,
1576 1675 1647 1711 680

225 1732 322 1782 puer
342 1733 434 1783 quia
452 1735 557 1772 clam
578 1741 616 1773 te
637 1742 695 1773 est
716 1735 842 1782 natus,
865 1743 1003 1774 nactus
1025 1735 1184 1774 alteram
1207 1749 1258 1774 eS.

225 1798 338 1845 erras,
362 1798 418 1836 tui
438 1798 560 1836 animi
581 1800 613 1837 si
634 1813 697 1838 me
718 1812 803 1838 esse
824 1799 1001 1850 ignarum
1022 1808 1148 1850 putas,

223 1862 439 1913 aliquando
460 1865 623 1902 tandem
644 1865 722 1903 huc
743 1864 920 1903 animum
942 1872 985 1903 ut
1004 1865 1195 1915 adiungas
1215 1872 1338 1913 tuom,

224 1941 344 1978 quam
365 1929 527 1979 longum
550 1930 720 1980 spatium
741 1930 900 1969 amandi
922 1930 1089 1969 amicam
1110 1930 1180 1969 tibi
1201 1931 1292 1970 dedi
1315 1934 1322 1969 ἒ

224 1995 403 2043 sumptus
424 2006 524 2043 quos
545 1994 670 2033 fecisti
693 1996 731 2032 1'n
753 2008 839 2033 eam
861 2007 980 2045 quam
1001 1995 1135 2033 animo
1155 1996 1283 2046 aequo
1304 1995 1373 2034 tuli
1395 1999 1401 2033 !
1573 1998 1639 2043 685

223 2057 283 2108 egi
304 2058 422 2108 atque
443 2058 551 2097 oraui
573 2059 704 2097 tecum
727 2073 887 2098 uxorem
910 2068 950 2098 ut
972 2061 1146 2106 duceres,

189 2139 200 2146 -
223 2125 378 2173 templis
400 2123 478 2162 dixi
500 2137 609 2162 esse:
639 2124 797 2174 inpulsu
819 2124 962 2163 duxisti
983 2138 1084 2163 meo.

224 2186 342 2240 [quae
364 2196 446 2226 tum
469 2189 682 2227 obsecutus
704 2188 798 2226 mihi
821 2189 944 2227 fecisti
967 2197 1007 2227 ut
1030 2187 1244 2242 decuerat]

265 2289 330 2327 663
354 2289 410 2327 qui
429 2288 622 2320 Fleckeisen:
648 2288 726 2327 quia
750 2287 838 2318 codd.
941 2289 1016 2328 666,
1036 2289 1098 2327 667
1124 2288 1255 2318 inuerso
1276 2287 1388 2319 ordine
1404 2288 1556 2329 praeben!

221 2331 308 2363 codd.
326 2343 331 2362 :
358 2336 482 2371 transp.
501 2330 602 2361 Bothe
749 2333 812 2370 673
837 2341 959 2371 prosus
976 2331 1008 2361 A
1028 2343 1033 2361 τ
1059 2341 1196 2371 prorsus
1215 2336 1237 2363 Σ
1393 2332 1468 2372 688,
1488 2334 1554 2371 690

222 2374 351 2405 induxit
367 2374 501 2414 Bentley
