1773 2750
115 95 198 132 V.i
599 96 639 132 P.
672 94 924 132 TERENTI
955 94 1087 131 AFRI

183 205 407 255 niiptiarum
427 205 547 257 gratia
567 206 664 244 haec
685 212 775 244 sunt
795 205 896 243 fzicta
915 213 1033 255 atque
1052 204 1208 255 incepta
1228 204 1371 243 omnia.

184 269 252 308 ribi
278 283 324 309 ea
349 283 467 308 causa
486 283 604 320 quam
630 270 683 309 ob
713 282 793 308 rem
822 270 919 308 haec
948 268 1095 307 faciunt
1126 268 1195 308 erit
1220 270 1406 318 adempta
1435 267 1504 315 his,

397 334 589 374 desinent.

188 400 277 439 CH.
308 402 432 439 erras:
475 413 566 438 cum
600 401 716 438 Dauo
751 399 906 450 egomet
938 398 1021 438 uidi
1059 399 1277 448 itirgantem
1314 397 1507 436 ancillam.

396 465 462 503 SI.
494 463 586 503 scio.

123 545 164 567 20
188 530 276 569 CH.
307 528 401 568 uero
439 530 559 575 uoltu,
597 541 718 579 quom
755 528 810 566 ibi
849 541 912 566 me
944 528 1082 567 adesse
1116 530 1252 567 neriter
1285 535 1369 566 tum
1401 540 1507 577 prae-

396 594 578 633 senserat.

183 660 249 698 SI.
280 659 398 698 credo
419 666 457 697 et
477 658 517 698 id
538 660 704 697 factiiras
727 660 862 697 Dauos
883 659 1036 698 dtidum
1056 657 1246 709 praedixit
1267 657 1361 696 mihi
1377 672 1387 705 ,-
1526 654 1594 697 840

183 725 221 763 et
241 723 374 763 nescio
395 723 462 774 qui
482 723 522 762 id
544 723 613 762 tibi
634 737 721 762 sum
742 723 886 762 oblitus
907 723 1036 769 hodie,
1060 736 1106 761 ac
1126 722 1244 770 uolui,
1267 723 1408 761 dicere.

135 865 165 903 ii
281 862 466 899 DAvos
577 861 849 899 CHREMES
960 861 1098 898 Srmo
1211 861 1412 897 DROMO

183 960 280 996 DA.
312 957 459 996 Animo
480 957 665 996 nunciam
687 957 814 996 otioso
835 970 920 996 esse
940 959 1101 1008 impero.
1155 958 1244 997 CH.
1267 971 1329 995 em
1353 958 1511 996 Dauom

398 1022 491 1060 tibi!

185 1088 250 1126 Sl.
282 1088 388 1126 [inde
417 1087 639 1137 egreditur?
704 1089 802 1127 DA.
834 1088 924 1126 meo
958 1087 1152 1138 praesidio
1185 1094 1303 1137 atque
1334 1087 1510 1138 hospitis.

399 1153 464 1191 Sl.
496 1151 592 1202 quid
612 1152 709 1191 illtid
730 1152 888 1191 malist?

184 1217 281 1255 DA.
313 1217 386 1266 e'go
416 1217 728 1255 commodiorem
761 1216 964 1256 hominem
996 1217 1212 1256 aduentum
1242 1217 1398 1267 tempus
1432 1230 1512 1256 non

399 1281 492 1319 uidi.
551 1282 616 1320 SI.
648 1283 788 1329 sceluS,

186 1346 304 1398 quem
334 1359 425 1384 narn
455 1345 519 1385 hic
548 1347 710 1385 laudat?
767 1348 863 1385 DA.
896 1346 1023 1386 omnis
1053 1360 1112 1385 res
1142 1354 1199 1385 est
1227 1347 1303 1385 iarn
1329 1348 1370 1385 in
1397 1348 1512 1386 uado.
1534 1350 1597 1394 845

402 1412 467 1450 Sl.
499 1424 609 1450 cesso
629 1411 820 1462 aidloqui?

151 1487 168 1518 5
187 1477 285 1514 DA.
317 1475 404 1514 erus
433 1483 513 1514 est:
544 1476 640 1526 quid
671 1478 813 1527 agam?
871 1478 936 1516 SI.
968 1491 992 1515 o
1019 1479 1136 1524 salue,
1158 1477 1264 1516 bone
1291 1477 1358 1515 uir.
1417 1478 1514 1515 DA.

402 1540 517 1579 ehem
538 1541 656 1588 Simo,
680 1555 704 1579 o
725 1543 856 1581 noster
877 1544 1076 1590 Chremes,

188 1604 321 1644 omnia
340 1606 525 1655 adparata
546 1605 623 1644 iam
645 1614 735 1645 sunt
755 1608 871 1646 intus.
930 1609 996 1647 SI.
1029 1609 1170 1646 curasti
1190 1608 1323 1658 probe.

187 1671 285 1708 DA.
318 1670 385 1708 fibi
406 1671 514 1708 uoles
535 1670 701 1710 accerse.
764 1673 829 1711 SI.
860 1672 962 1711 bene
982 1686 1099 1720 sane3
1128 1674 1168 1711 id
1190 1672 1295 1711 enim
1311 1685 1404 1711 uero
1425 1672 1516 1710 hinc

404 1737 510 1773 minc
529 1736 651 1774 abest.

189 1799 308 1839 etiam
346 1807 388 1838 tu
427 1801 503 1839 hoc
536 1802 741 1852 responde,
783 1802 879 1852 quid
918 1802 1003 1841 istic
1051 1802 1120 1841 tibi
1159 1802 1358 1852 negotist?
1416 1804 1513 1840 DA.

405 1865 582 1903 mihine?
637 1867 703 1905 SI.
735 1866 798 1905 ita.

190 1931 288 1968 DA.
320 1929 474 1967 mihin?
529 1930 595 1969 SI.
626 1931 697 1969 tibi
717 1945 819 1982 ergo.
876 1934 974 1971 DA.
1003 1934 1125 1972 modo
1144 1934 1217 1971 huc
1234 1933 1259 1971 ii
1279 1933 1391 1971 intro.
1450 1933 1515 1971 SI.
1536 1939 1605 1983 850

406 1994 517 2045 quasi
537 2009 610 2045 ego
631 2009 749 2046 quam
770 1998 922 2036 dudrim
943 2011 1087 2048 rogem.

136 2075 174 2097 ιο
192 2061 289 2099 DA.
322 2062 412 2098 crim
439 2068 507 2098 tuo
527 2069 646 2110 gnato
673 2076 761 2100 una.
821 2064 886 2101 Sl.
918 2063 1019 2102 :inne
1049 2071 1106 2102 est
1130 2063 1234 2102 intus
1265 2062 1521 2113 Paimphilus?

409 2125 560 2164 crucior
580 2127 696 2166 miser
712 2131 718 2166 ἶ

237 2229 302 2267 836
324 2229 411 2261 sacta
426 2229 493 2263 D²:
520 2231 598 2262 ficta
621 2231 712 2263 CGP
733 2236 762 2263 et
785 2233 952 2273 Eugraplt.
983 2234 1020 2265 in
1048 2233 1157 2264 Iemm.
1316 2234 1375 2273 841
1401 2233 1458 2273 qui
1488 2233 1521 2265 id

195 2270 317 2303 Bothe:
341 2274 421 2312 quid
439 2277 462 2307 Σ
477 2278 505 2305 et
523 2274 678 2306 Donatus
693 2288 700 2307 ε
726 2277 784 2316 qui
804 2276 890 2317 uolg.
1026 2277 1091 2316 849
1115 2277 1285 2317 responde
1302 2280 1325 2309 Σ
1339 2281 1369 2308 el
1383 2276 1522 2308 Seruius

195 2314 242 2346 ad
264 2317 352 2348 Aen.
380 2319 424 2350 xi.
457 2329 538 2358 373:
580 2321 765 2360 respondes
791 2319 950 2351 Donatus
975 2321 1022 2351 bis
1048 2321 1081 2350 in
1108 2321 1231 2352 Iemm..
1257 2331 1352 2361 quem
1380 2320 1526 2360 sequitur

201 2359 419 2403 Umpfenhaclt
552 2364 616 2402 850
639 2364 703 2394 huc
721 2362 794 2395 add.
814 2367 843 2394 et
859 2364 944 2394 intro
963 2364 982 2393 ii
1001 2367 1122 2405 ἵναπερ.
1140 2364 1309 2395 Fleckeisen
